SimFinId,Currency,Fiscal Year,Fiscal Period,Publish Date,Restated Date,Shares (Basic),Shares (Diluted),Revenue,Cost of Revenue,Gross Profit,Operating Expenses,"Selling, General & Administrative",Research & Development,Depreciation & Amortization,Operating Income (Loss),Non-Operating Income (Loss),"Interest Expense, Net","Pretax Income (Loss), Adj.",Abnormal Gains (Losses),Pretax Income (Loss),"Income Tax (Expense) Benefit, Net",Income (Loss) from Continuing Operations,Net Extraordinary Gains (Losses),Net Income,Net Income (Common),Ticker,Report_Date
257930,USD,2006,Q3,2006-03-21,2007-03-27,5133000000.0,5229000000.0,3470000000.0,-790000000.0,2680000000.0,-1517000000.0,-902000000.0,-467000000.0,-148000000.0,1163000000.0,26000000.0,-49000000.0,1189000000,-111000000.0,1078000000,-313000000.0,765000000,,765000000,765000000,ORCL,2006-02-28
257930,USD,2006,Q4,2006-06-21,2008-07-02,5133000000.0,5229000000.0,4850000000.0,-965000000.0,3885000000.0,-1967000000.0,-1244000000.0,-537000000.0,-186000000.0,1918000000.0,21000000.0,-83000000.0,1939000000,-62000000.0,1877000000,-578000000.0,1299000000,,1299000000,1299000000,ORCL,2006-05-31
257930,USD,2007,Q1,2006-09-25,2007-09-26,5133000000.0,5229000000.0,3591000000.0,-980000000.0,2611000000.0,-1611000000.0,-907000000.0,-506000000.0,-198000000.0,1000000000.0,19000000.0,-83000000.0,1019000000,-57000000.0,962000000,-292000000.0,670000000,,670000000,670000000,ORCL,2006-08-31
257930,USD,2007,Q2,2006-12-21,2007-12-21,5133000000.0,5229000000.0,4163000000.0,-1025000000.0,3138000000.0,-1806000000.0,-1085000000.0,-519000000.0,-202000000.0,1332000000.0,-3000000.0,-82000000.0,1329000000,25000000.0,1354000000,-387000000.0,967000000,,967000000,967000000,ORCL,2006-11-30
257930,USD,2007,Q3,2007-03-27,2008-04-01,5133000000.0,5229000000.0,4414000000.0,-1030000000.0,3384000000.0,-1934000000.0,-1142000000.0,-570000000.0,-222000000.0,1450000000.0,12000000.0,-82000000.0,1462000000,-56000000.0,1406000000,-373000000.0,1033000000,,1033000000,1033000000,ORCL,2007-02-28
257930,USD,2007,Q4,2007-06-29,2009-06-29,5133000000.0,5229000000.0,5828000000.0,-1156000000.0,4672000000.0,-2321000000.0,-1465000000.0,-600000000.0,-256000000.0,2351000000.0,-16000000.0,-96000000.0,2335000000,-71000000.0,2264000000,-660000000.0,1604000000,,1604000000,1604000000,ORCL,2007-05-31
257930,USD,2008,Q1,2007-09-26,2008-09-22,5133000000.0,5229000000.0,4529000000.0,-1159000000.0,3370000000.0,-2106000000.0,-1169000000.0,-652000000.0,-285000000.0,1264000000.0,-17000000.0,-94000000.0,1247000000,-47000000.0,1200000000,-360000000.0,840000000,,840000000,840000000,ORCL,2007-08-31
257930,USD,2008,Q2,2007-12-21,2008-12-22,5133000000.0,5229000000.0,5313000000.0,-1238000000.0,4075000000.0,-2265000000.0,-1301000000.0,-674000000.0,-290000000.0,1810000000.0,33000000.0,-89000000.0,1843000000,-28000000.0,1815000000,-512000000.0,1303000000,,1303000000,1303000000,ORCL,2007-11-30
257930,USD,2008,Q3,2008-04-01,2009-03-23,5133000000.0,5229000000.0,5349000000.0,-1243000000.0,4106000000.0,-2263000000.0,-1289000000.0,-682000000.0,-292000000.0,1843000000.0,2000000.0,-82000000.0,1845000000,32000000.0,1877000000,-537000000.0,1340000000,,1340000000,1340000000,ORCL,2008-02-29
257930,USD,2008,Q4,2008-07-02,2010-07-01,5133000000.0,5229000000.0,7239000000.0,-1341000000.0,5898000000.0,-2806000000.0,-1728000000.0,-733000000.0,-345000000.0,3092000000.0,-28000000.0,-129000000.0,3064000000,-122000000.0,2942000000,-904000000.0,2038000000,,2038000000,2038000000,ORCL,2008-05-31
257930,USD,2009,Q1,2008-09-22,2009-09-21,5152000000.0,5235000000.0,5331000000.0,-1308000000.0,4023000000.0,-2439000000.0,-1318000000.0,-708000000.0,-413000000.0,1584000000.0,-77000000.0,-159000000.0,1507000000,-63000000.0,1444000000,-367000000.0,1077000000,,1077000000,1077000000,ORCL,2008-08-31
257930,USD,2009,Q2,2008-12-22,2009-12-22,5127000000.0,5187000000.0,5607000000.0,-1196000000.0,4411000000.0,-2398000000.0,-1320000000.0,-651000000.0,-427000000.0,2013000000.0,-149000000.0,-157000000.0,1864000000,-38000000.0,1826000000,-530000000.0,1296000000,,1296000000,1296000000,ORCL,2008-11-30
257930,USD,2009,Q3,2009-03-23,2010-03-29,5005000000.0,5056000000.0,5453000000.0,-1111000000.0,4342000000.0,-2360000000.0,-1246000000.0,-677000000.0,-437000000.0,1982000000.0,-130000000.0,-154000000.0,1852000000,-42000000.0,1810000000,-481000000.0,1329000000,,1329000000,1329000000,ORCL,2009-02-28
257930,USD,2009,Q4,2009-06-29,2011-06-28,4996000000.0,5042000000.0,6861000000.0,-1179000000.0,5682000000.0,-2706000000.0,-1539000000.0,-731000000.0,-436000000.0,2976000000.0,-131000000.0,-160000000.0,2845000000,-91000000.0,2754000000,-863000000.0,1891000000,,1891000000,1891000000,ORCL,2009-05-31
257930,USD,2010,Q1,2009-09-21,2010-09-20,5009000000.0,5063000000.0,5054000000.0,-1008000000.0,4046000000.0,-2252000000.0,-1161000000.0,-660000000.0,-431000000.0,1794000000.0,-178000000.0,-179000000.0,1616000000,-54000000.0,1562000000,-438000000.0,1124000000,,1124000000,1124000000,ORCL,2009-08-31
257930,USD,2010,Q2,2009-12-22,2010-12-21,5010000000.0,5064000000.0,5858000000.0,-1096000000.0,4762000000.0,-2460000000.0,-1316000000.0,-708000000.0,-436000000.0,2302000000.0,-155000000.0,-188000000.0,2147000000,-124000000.0,2023000000,-565000000.0,1458000000,,1458000000,1458000000,ORCL,2009-11-30
257930,USD,2010,Q3,2010-03-29,2011-03-29,5015000000.0,5076000000.0,6404000000.0,-1419000000.0,4985000000.0,-2802000000.0,-1477000000.0,-823000000.0,-502000000.0,2183000000.0,-261000000.0,-186000000.0,1922000000,-340000000.0,1582000000,-393000000.0,1189000000,,1189000000,1189000000,ORCL,2010-02-28
257930,USD,2010,Q4,2010-07-01,2012-06-26,5022000000.0,5089000000.0,9504000000.0,-2241000000.0,7263000000.0,-3704000000.0,-2037000000.0,-1063000000.0,-604000000.0,3559000000.0,-225000000.0,-201000000.0,3334000000,-258000000.0,3076000000,-712000000.0,2364000000,,2364000000,2364000000,ORCL,2010-05-31
257930,USD,2011,Q1,2010-09-29,2011-09-23,5026000000.0,5083000000.0,7502000000.0,-2062000000.0,5440000000.0,-3311000000.0,-1605000000.0,-1103000000.0,-603000000.0,2129000000.0,-122000000.0,-196000000.0,2007000000,-212000000.0,1795000000,-443000000.0,1352000000,,1352000000,1352000000,ORCL,2010-08-31
257930,USD,2011,Q2,2010-12-21,2011-12-23,5044000000.0,5117000000.0,8582000000.0,-2157000000.0,6425000000.0,-3419000000.0,-1686000000.0,-1119000000.0,-614000000.0,3006000000.0,-124000000.0,-214000000.0,2882000000,-236000000.0,2646000000,-776000000.0,1870000000,,1870000000,1870000000,ORCL,2010-11-30
257930,USD,2011,Q3,2011-03-29,2012-03-23,5057000000.0,5149000000.0,8764000000.0,-2012000000.0,6752000000.0,-3643000000.0,-1904000000.0,-1127000000.0,-612000000.0,3109000000.0,-188000000.0,-204000000.0,2921000000,-122000000.0,2799000000,-683000000.0,2116000000,,2116000000,2116000000,ORCL,2011-02-28
257930,USD,2011,Q4,2011-06-28,2013-06-26,5065000000.0,5163000000.0,10774000000.0,-2167000000.0,8607000000.0,-4123000000.0,-2354000000.0,-1170000000.0,-599000000.0,4484000000.0,-188000000.0,-194000000.0,4296000000,-125000000.0,4171000000,-962000000.0,3209000000,,3209000000,3209000000,ORCL,2011-05-31
257930,USD,2012,Q1,2011-09-23,2012-09-24,5062000000.0,5150000000.0,8374000000.0,-1988000000.0,6386000000.0,-3583000000.0,-1941000000.0,-1050000000.0,-592000000.0,2803000000.0,-212000000.0,-192000000.0,2591000000,-120000000.0,2471000000,-631000000.0,1840000000,,1840000000,1840000000,ORCL,2011-08-31
257930,USD,2012,Q2,2011-12-23,2012-12-21,5041000000.0,5123000000.0,8792000000.0,-1956000000.0,6836000000.0,-3668000000.0,-1974000000.0,-1102000000.0,-592000000.0,3168000000.0,-151000000.0,-192000000.0,3017000000,-57000000.0,2960000000,-768000000.0,2192000000,,2192000000,2192000000,ORCL,2011-11-30
257930,USD,2012,Q3,2012-03-23,2013-03-22,5007000000.0,5080000000.0,9039000000.0,-1908000000.0,7131000000.0,-3712000000.0,-1961000000.0,-1145000000.0,-606000000.0,3419000000.0,-169000000.0,-190000000.0,3250000000,-102000000.0,3148000000,-650000000.0,2498000000,,2498000000,2498000000,ORCL,2012-02-29
257930,USD,2012,Q4,2012-06-26,2014-06-26,4950000000.0,5027000000.0,10916000000.0,-2143000000.0,8773000000.0,-4106000000.0,-2240000000.0,-1226000000.0,-640000000.0,4667000000.0,-212000000.0,-192000000.0,4455000000,-72000000.0,4383000000,-932000000.0,3451000000,,3451000000,3451000000,ORCL,2012-05-31
257930,USD,2013,Q1,2012-09-24,2013-09-20,4867000000.0,4939000000.0,8181000000.0,-1775000000.0,6406000000.0,-3640000000.0,-1820000000.0,-1201000000.0,-619000000.0,2766000000.0,-177000000.0,-188000000.0,2589000000,113000000.0,2702000000,-668000000.0,2034000000,,2034000000,2034000000,ORCL,2012-08-31
257930,USD,2013,Q2,2012-12-21,2013-12-20,4792000000.0,4868000000.0,9094000000.0,-1794000000.0,7300000000.0,-3819000000.0,-2036000000.0,-1199000000.0,-584000000.0,3481000000.0,-191000000.0,-195000000.0,3290000000,-10000000.0,3280000000,-699000000.0,2581000000,,2581000000,2581000000,ORCL,2012-11-30
257930,USD,2013,Q3,2013-03-22,2014-03-20,4735000000.0,4812000000.0,8958000000.0,-1716000000.0,7242000000.0,-3834000000.0,-2062000000.0,-1186000000.0,-586000000.0,3408000000.0,-244000000.0,-205000000.0,3164000000,-74000000.0,3090000000,-586000000.0,2504000000,,2504000000,2504000000,ORCL,2013-02-28
257930,USD,2013,Q4,2013-06-26,2015-06-25,4682000000.0,4757000000.0,10947000000.0,-2094000000.0,8853000000.0,-4076000000.0,-2216000000.0,-1264000000.0,-596000000.0,4777000000.0,-174000000.0,-209000000.0,4603000000,223000000.0,4826000000,-1020000000.0,3806000000,,3806000000,3806000000,ORCL,2013-05-31
257930,USD,2014,Q1,2013-09-20,2014-09-23,4608000000.0,4674000000.0,8372000000.0,-1721000000.0,6651000000.0,-3712000000.0,-1880000000.0,-1237000000.0,-595000000.0,2939000000.0,-210000000.0,-217000000.0,2729000000,-66000000.0,2663000000,-472000000.0,2191000000,,2191000000,2191000000,ORCL,2013-08-31
257930,USD,2014,Q2,2013-12-20,2014-12-19,4535000000.0,4600000000.0,9275000000.0,-1807000000.0,7468000000.0,-3989000000.0,-2139000000.0,-1273000000.0,-577000000.0,3479000000.0,-207000000.0,-230000000.0,3272000000,-69000000.0,3203000000,-650000000.0,2553000000,,2553000000,2553000000,ORCL,2013-11-30
257930,USD,2014,Q3,2014-03-20,2015-03-19,4496000000.0,4575000000.0,9307000000.0,-1775000000.0,7532000000.0,-3932000000.0,-2080000000.0,-1292000000.0,-560000000.0,3600000000.0,-318000000.0,-228000000.0,3282000000,-33000000.0,3249000000,-684000000.0,2565000000,,2565000000,2565000000,ORCL,2014-02-28
257930,USD,2014,Q4,2014-06-26,2016-06-22,4473000000.0,4567000000.0,11321000000.0,-1933000000.0,9388000000.0,-4423000000.0,-2506000000.0,-1349000000.0,-568000000.0,4965000000.0,-320000000.0,-239000000.0,4645000000,-56000000.0,4589000000,-943000000.0,3646000000,,3646000000,3646000000,ORCL,2014-05-31
257930,USD,2015,Q1,2014-09-23,2015-09-18,4451000000.0,4548000000.0,8596000000.0,-1681000000.0,6915000000.0,-3858000000.0,-1982000000.0,-1329000000.0,-547000000.0,3057000000.0,-245000000.0,-261000000.0,2812000000,-94000000.0,2718000000,-534000000.0,2184000000,,2184000000,2184000000,ORCL,2014-08-31
257930,USD,2015,Q2,2014-12-19,2015-12-18,4417000000.0,4505000000.0,9598000000.0,-1899000000.0,7699000000.0,-4126000000.0,-2169000000.0,-1389000000.0,-568000000.0,3573000000.0,-273000000.0,-282000000.0,3300000000,-31000000.0,3269000000,-767000000.0,2502000000,,2502000000,2502000000,ORCL,2014-11-30
257930,USD,2015,Q3,2015-03-19,2016-03-18,4389000000.0,4494000000.0,9327000000.0,-1900000000.0,7427000000.0,-3988000000.0,-2091000000.0,-1370000000.0,-527000000.0,3439000000.0,-233000000.0,-273000000.0,3206000000,-56000000.0,3150000000,-655000000.0,2495000000,,2495000000,2495000000,ORCL,2015-02-28
257930,USD,2015,Q4,2015-06-25,2017-06-27,4359000000.0,4465000000.0,10705000000.0,-2052000000.0,8653000000.0,-4433000000.0,-2490000000.0,-1436000000.0,-507000000.0,4220000000.0,-286000000.0,-327000000.0,3934000000,-237000000.0,3697000000,-940000000.0,2757000000,,2757000000,2757000000,ORCL,2015-05-31
257930,USD,2016,Q1,2015-09-18,2016-09-19,4317000000.0,4412000000.0,8448000000.0,-1850000000.0,6598000000.0,-3830000000.0,-1988000000.0,-1390000000.0,-452000000.0,2768000000.0,-344000000.0,-374000000.0,2424000000,-114000000.0,2310000000,-563000000.0,1747000000,,1747000000,1747000000,ORCL,2015-08-31
257930,USD,2016,Q2,2015-12-18,2016-12-19,4239000000.0,4316000000.0,8993000000.0,-1853000000.0,7140000000.0,-4097000000.0,-2230000000.0,-1444000000.0,-423000000.0,3043000000.0,-287000000.0,-371000000.0,2756000000,-88000000.0,2668000000,-471000000.0,2197000000,,2197000000,2197000000,ORCL,2015-11-30
257930,USD,2016,Q3,2016-03-18,2017-03-17,4182000000.0,4256000000.0,9012000000.0,-1839000000.0,7173000000.0,-4020000000.0,-2193000000.0,-1419000000.0,-408000000.0,3153000000.0,-295000000.0,-360000000.0,2858000000,-126000000.0,2732000000,-590000000.0,2142000000,,2142000000,2142000000,ORCL,2016-02-29
257930,USD,2016,Q4,2016-06-22,2018-06-22,4146000000.0,4236000000.0,10594000000.0,-1937000000.0,8657000000.0,-4517000000.0,-2628000000.0,-1534000000.0,-355000000.0,4140000000.0,-236000000.0,-362000000.0,3904000000,-172000000.0,3732000000,-917000000.0,2815000000,,2815000000,2815000000,ORCL,2016-05-31
257930,USD,2017,Q1,2016-09-19,2017-09-18,4119000000.0,4221000000.0,8595000000.0,-1776000000.0,6819000000.0,-4065000000.0,-2234000000.0,-1520000000.0,-311000000.0,2754000000.0,-268000000.0,-416000000.0,2486000000,-113000000.0,2373000000,-541000000.0,1832000000,,1832000000,1832000000,ORCL,2016-08-31
257930,USD,2017,Q2,2016-12-19,2017-12-18,4104000000.0,4195000000.0,9035000000.0,-1797000000.0,7238000000.0,-4075000000.0,-2263000000.0,-1510000000.0,-302000000.0,3163000000.0,-352000000.0,-451000000.0,2811000000,-126000000.0,2685000000,-653000000.0,2032000000,,2032000000,2032000000,ORCL,2016-11-30
257930,USD,2017,Q3,2017-03-17,2018-03-21,4107000000.0,4204000000.0,9205000000.0,-1892000000.0,7313000000.0,-4163000000.0,-2245000000.0,-1521000000.0,-397000000.0,3150000000.0,-261000000.0,-450000000.0,2889000000,-191000000.0,2698000000,-459000000.0,2239000000,,2239000000,2239000000,ORCL,2017-02-28
257930,USD,2017,Q4,2017-06-27,2019-06-21,4130000000.0,4248000000.0,10957000000.0,-1987000000.0,8970000000.0,-4558000000.0,-2515000000.0,-1602000000.0,-441000000.0,4412000000.0,-352000000.0,-481000000.0,4060000000,-136000000.0,3924000000,-575000000.0,3349000000,,3349000000,3349000000,ORCL,2017-05-31
257930,USD,2018,Q1,2017-09-18,2018-09-19,4156000000.0,4284000000.0,9104000000.0,-1928000000.0,7176000000.0,-4291000000.0,-2308000000.0,-1572000000.0,-411000000.0,2885000000.0,-249000000.0,-469000000.0,2636000000,-136000000.0,2500000000,-356000000.0,2144000000,,2144000000,2144000000,ORCL,2017-08-31
257930,USD,2018,Q2,2017-12-18,2018-12-19,4160000000.0,4283000000.0,9589000000.0,-1960000000.0,7629000000.0,-4281000000.0,-2408000000.0,-1473000000.0,-400000000.0,3348000000.0,-213000000.0,-475000000.0,3135000000,-309000000.0,2826000000,-612000000.0,2214000000,,2214000000,2214000000,ORCL,2017-11-30
257930,USD,2018,Q3,2018-03-21,2019-03-18,4122000000.0,4122000000.0,9676000000.0,-1996000000.0,7680000000.0,-4271000000.0,-2381000000.0,-1496000000.0,-394000000.0,3409000000.0,-124000000.0,-533000000.0,3285000000,-94000000.0,3191000000,-7238000000.0,-4047000000,,-4047000000,-4047000000,ORCL,2018-02-28
257930,USD,2018,Q4,2018-06-22,2020-06-22,4046000000.0,4263000000.0,11014000000.0,-2176000000.0,8838000000.0,-4576000000.0,-2618000000.0,-1543000000.0,-415000000.0,4262000000.0,-254000000.0,-548000000.0,4008000000,-101000000.0,3907000000,-631000000.0,3276000000,,3276000000,3276000000,ORCL,2018-05-31
257930,USD,2019,Q1,2018-09-19,2019-09-13,3904000000.0,3999000000.0,9193000000.0,-1953000000.0,7240000000.0,-4358000000.0,-2360000000.0,-1564000000.0,-434000000.0,2882000000.0,-238000000.0,-529000000.0,2644000000,-104000000.0,2540000000,-275000000.0,2265000000,,2265000000,2265000000,ORCL,2018-08-31
257930,USD,2019,Q2,2018-12-19,2019-12-13,3720000000.0,3817000000.0,9562000000.0,-2001000000.0,7561000000.0,-4299000000.0,-2400000000.0,-1475000000.0,-424000000.0,3262000000.0,-327000000.0,-519000000.0,2935000000,-161000000.0,2774000000,-441000000.0,2333000000,,2333000000,2333000000,ORCL,2018-11-30
257930,USD,2019,Q3,2019-03-18,2020-03-13,3526000000.0,3617000000.0,9614000000.0,-1976000000.0,7638000000.0,-4200000000.0,-2367000000.0,-1426000000.0,-407000000.0,3438000000.0,-311000000.0,-509000000.0,3127000000,-39000000.0,3088000000,-343000000.0,2745000000,,2745000000,2745000000,ORCL,2019-02-28
257930,USD,2019,Q4,2019-06-21,2021-06-21,3386000000.0,3495000000.0,11137000000.0,-2065000000.0,9072000000.0,-4632000000.0,-2647000000.0,-1561000000.0,-424000000.0,4440000000.0,-391000000.0,-525000000.0,4049000000,-183000000.0,3866000000,-126000000.0,3740000000,,3740000000,3740000000,ORCL,2019-05-31
257930,USD,2020,Q1,2019-09-13,2020-09-15,3317000000.0,3410000000.0,9218000000.0,-1957000000.0,7261000000.0,-4281000000.0,-2310000000.0,-1557000000.0,-414000000.0,2980000000.0,-395000000.0,-494000000.0,2585000000,-103000000.0,2482000000,-345000000.0,2137000000,,2137000000,2137000000,ORCL,2019-08-31
257930,USD,2020,Q2,2019-12-13,2020-12-11,3245000000.0,3331000000.0,9614000000.0,-2048000000.0,7566000000.0,-4329000000.0,-2391000000.0,-1531000000.0,-407000000.0,3237000000.0,-373000000.0,-465000000.0,2864000000,-54000000.0,2810000000,-499000000.0,2311000000,,2311000000,2311000000,ORCL,2019-11-30
257930,USD,2020,Q3,2020-03-13,2021-03-11,3190000000.0,3271000000.0,9796000000.0,-1964000000.0,7832000000.0,-4237000000.0,-2337000000.0,-1500000000.0,-400000000.0,3595000000.0,-452000000.0,-456000000.0,3143000000,-67000000.0,3076000000,-505000000.0,2571000000,,2571000000,2571000000,ORCL,2020-02-29
