SimFinId,Currency,Fiscal Year,Fiscal Period,Publish Date,Restated Date,Shares (Basic),Shares (Diluted),Revenue,Cost of Revenue,Gross Profit,Operating Expenses,"Selling, General & Administrative",Research & Development,Depreciation & Amortization,Operating Income (Loss),Non-Operating Income (Loss),"Interest Expense, Net","Pretax Income (Loss), Adj.",Abnormal Gains (Losses),Pretax Income (Loss),"Income Tax (Expense) Benefit, Net",Income (Loss) from Continuing Operations,Net Extraordinary Gains (Losses),Net Income,Net Income (Common),Ticker,Report_Date
104109,USD,2009,Q2,2009-07-29,2010-07-23,1288815000.0,1300434000.0,2097992000.0,-591773000.0,1506219000.0,-984196000.0,-721998000.0,-198403000.0,,522023000.0,-4529000.0,-4529000.0,517494000,-110334000.0,407160000,-79818000.0,327342000,,327342000,327342000,EBAY,2009-06-30
104109,USD,2009,Q3,2009-10-27,2010-10-21,1293511000.0,1311274000.0,2237852000.0,-643908000.0,1593944000.0,-1041648000.0,-763638000.0,-205207000.0,,552296000.0,-4606000.0,-4606000.0,547690000,-109355000.0,438335000,-88599000.0,349736000,,349736000,349736000,EBAY,2009-09-30
104109,USD,2009,Q4,2010-02-17,2012-01-31,1293256000.0,1320402000.0,2370932000.0,-670695000.0,1700237000.0,-1407387000.0,-1146823000.0,-197944000.0,,292850000.0,1413428000.0,1413428000.0,1706278000,-113478000.0,1592800000,-237894000.0,1354906000,,1354906000,1354906000,EBAY,2009-12-31
104109,USD,2010,Q1,2010-04-28,2011-04-29,1301248000.0,1326021000.0,2196057000.0,-606555000.0,1589502000.0,-986295000.0,-722904000.0,-210139000.0,,603207000.0,6046000.0,6046000.0,609253000,-114598000.0,494655000,-97002000.0,397653000,,397653000,397653000,EBAY,2010-03-31
104109,USD,2010,Q2,2010-07-23,2011-07-22,1310042000.0,1329618000.0,2215379000.0,-615371000.0,1600008000.0,-1014548000.0,-740336000.0,-225317000.0,,585460000.0,14821000.0,14821000.0,600281000,-100895000.0,499386000,-87194000.0,412192000,,412192000,412192000,EBAY,2010-06-30
104109,USD,2010,Q3,2010-10-21,2011-10-21,1308888000.0,1328415000.0,2249488000.0,-640268000.0,1609220000.0,-1018075000.0,-745315000.0,-226803000.0,,591145000.0,26825000.0,26825000.0,617970000,-100969000.0,517001000,-85072000.0,431929000,,431929000,431929000,EBAY,2010-09-30
104109,USD,2010,Q4,2011-01-28,2013-02-01,1303822000.0,1323946000.0,2495076000.0,-701806000.0,1793270000.0,-1127082000.0,-839445000.0,-245741000.0,,666188000.0,-3692000.0,-3692000.0,662496000,-75538000.0,586958000,-27732000.0,559226000,,559226000,559226000,EBAY,2010-12-31
104109,USD,2011,Q1,2011-04-29,2012-04-20,1297000000.0,1320000000.0,2546000000.0,-729000000.0,1817000000.0,-1145000000.0,-826000000.0,-275000000.0,,672000000.0,3000000.0,3000000.0,675000000,-107000000.0,568000000,-92000000.0,476000000,,476000000,476000000,EBAY,2011-03-31
104109,USD,2011,Q2,2011-07-22,2012-07-19,1297000000.0,1315000000.0,2760000000.0,-773000000.0,1987000000.0,-1350000000.0,-1000000000.0,-297000000.0,,637000000.0,28000000.0,28000000.0,665000000,-374000000.0,291000000,-8000000.0,283000000,,283000000,283000000,EBAY,2011-06-30
104109,USD,2011,Q3,2011-10-21,2012-10-19,1290000000.0,1309000000.0,2966000000.0,-920000000.0,2046000000.0,-1363000000.0,-959000000.0,-319000000.0,,683000000.0,79000000.0,79000000.0,762000000,-146000000.0,616000000,-125000000.0,491000000,,491000000,491000000,EBAY,2011-09-30
104109,USD,2011,Q4,2012-01-31,2014-01-31,1288000000.0,1308000000.0,3380000000.0,-1039000000.0,2341000000.0,-1443000000.0,-1014000000.0,-344000000.0,,898000000.0,1427000000.0,1427000000.0,2325000000,110000000.0,2435000000,-456000000.0,1979000000,,1979000000,1979000000,EBAY,2011-12-31
104109,USD,2012,Q1,2012-04-20,2013-04-19,1288000000.0,1308000000.0,3277000000.0,-983000000.0,2294000000.0,-1507000000.0,-1049000000.0,-374000000.0,,787000000.0,31000000.0,31000000.0,818000000,-134000000.0,684000000,-114000000.0,570000000,,570000000,570000000,EBAY,2012-03-31
104109,USD,2012,Q2,2012-07-19,2013-07-19,1291000000.0,1309000000.0,3398000000.0,-987000000.0,2411000000.0,-1585000000.0,-1107000000.0,-394000000.0,,826000000.0,38000000.0,38000000.0,864000000,-13000000.0,851000000,-159000000.0,692000000,,692000000,692000000,EBAY,2012-06-30
104109,USD,2012,Q3,2012-10-19,2013-10-18,1292000000.0,1314000000.0,3404000000.0,-1022000000.0,2382000000.0,-1567000000.0,-1095000000.0,-389000000.0,,815000000.0,5000000.0,5000000.0,820000000,-148000000.0,672000000,-75000000.0,597000000,,597000000,597000000,EBAY,2012-09-30
104109,USD,2012,Q4,2013-02-01,2015-02-06,1297000000.0,1321000000.0,3993000000.0,-1224000000.0,2769000000.0,-1729000000.0,-1229000000.0,-416000000.0,,1040000000.0,122000000.0,122000000.0,1162000000,-285000000.0,877000000,-127000000.0,750000000,,750000000,750000000,EBAY,2012-12-31
104109,USD,2013,Q1,2013-04-19,2014-05-01,1295000000.0,1319000000.0,3748000000.0,-1152000000.0,2596000000.0,-1621000000.0,-1105000000.0,-434000000.0,,975000000.0,9000000.0,9000000.0,984000000,-175000000.0,809000000,-132000000.0,677000000,,677000000,677000000,EBAY,2013-03-31
104109,USD,2013,Q2,2013-07-19,2014-07-18,1297000000.0,1313000000.0,3877000000.0,-1211000000.0,2666000000.0,-1723000000.0,-1190000000.0,-451000000.0,,943000000.0,6000000.0,6000000.0,949000000,-193000000.0,756000000,-116000000.0,640000000,,640000000,640000000,EBAY,2013-06-30
104109,USD,2013,Q3,2013-10-18,2014-10-16,1295000000.0,1310000000.0,3892000000.0,-1224000000.0,2668000000.0,-1684000000.0,-1170000000.0,-433000000.0,,984000000.0,74000000.0,74000000.0,1058000000,-185000000.0,873000000,-184000000.0,689000000,,689000000,689000000,EBAY,2013-09-30
104109,USD,2013,Q4,2014-01-31,2016-02-01,1293000000.0,1310000000.0,-3260000000.0,2095000000.0,-1165000000.0,953000000.0,441000000.0,403000000.0,,-212000000.0,28000000.0,28000000.0,-184000000,317000000.0,133000000,-72000000.0,61000000,789000000.0,850000000,850000000,EBAY,2013-12-31
104109,USD,2014,Q1,2014-05-01,2015-04-23,1276000000.0,1276000000.0,4262000000.0,-1351000000.0,2911000000.0,-1829000000.0,-1270000000.0,-480000000.0,,1082000000.0,-5000000.0,-5000000.0,1077000000,-204000000.0,873000000,-3199000000.0,-2326000000,,-2326000000,-2326000000,EBAY,2014-03-31
104109,USD,2014,Q2,2014-07-18,2015-07-21,1258000000.0,1267000000.0,4103000000.0,-1181000000.0,2922000000.0,-1839000000.0,-1333000000.0,-468000000.0,,1083000000.0,10000000.0,10000000.0,1093000000,-229000000.0,864000000,-144000000.0,720000000,-44000000.0,676000000,676000000,EBAY,2014-06-30
104109,USD,2014,Q3,2014-10-16,2015-10-28,1242000000.0,1251000000.0,2150000000.0,-413000000.0,1737000000.0,-1083000000.0,-827000000.0,-246000000.0,,654000000.0,17000000.0,17000000.0,671000000,-58000000.0,613000000,-104000000.0,509000000,164000000.0,673000000,673000000,EBAY,2014-09-30
104109,USD,2014,Q4,2015-02-06,2016-02-01,1228000000.0,1210000000.0,-1725000000.0,1282000000.0,-443000000.0,362000000.0,99000000.0,211000000.0,,-81000000.0,17000000.0,17000000.0,-64000000,229000000.0,165000000,67000000.0,232000000,791000000.0,1023000000,1023000000,EBAY,2014-12-31
104109,USD,2015,Q1,2015-04-23,2016-04-27,1216000000.0,1229000000.0,2061000000.0,-411000000.0,1650000000.0,-1052000000.0,-821000000.0,-221000000.0,,598000000.0,10000000.0,10000000.0,608000000,-69000000.0,539000000,-90000000.0,449000000,177000000.0,626000000,626000000,EBAY,2015-03-31
104109,USD,2015,Q2,2015-07-21,2016-07-21,1217000000.0,1225000000.0,2110000000.0,-434000000.0,1676000000.0,-1183000000.0,-941000000.0,-232000000.0,,493000000.0,124000000.0,124000000.0,617000000,-65000000.0,552000000,-122000000.0,430000000,-347000000.0,83000000,83000000,EBAY,2015-06-30
104109,USD,2015,Q3,2015-10-28,2016-10-20,1210000000.0,1223000000.0,2099000000.0,-433000000.0,1666000000.0,-1023000000.0,-772000000.0,-241000000.0,,643000000.0,87000000.0,87000000.0,730000000,-65000000.0,665000000,-120000000.0,545000000,-6000000.0,539000000,539000000,EBAY,2015-09-30
104109,USD,2015,Q4,2016-02-22,2017-02-06,1189000000.0,1203000000.0,2322000000.0,-493000000.0,1829000000.0,-1095000000.0,-855000000.0,-229000000.0,,734000000.0,-12000000.0,-12000000.0,722000000,-72000000.0,650000000,-127000000.0,523000000,-46000000.0,477000000,477000000,EBAY,2015-12-31
104109,USD,2016,Q1,2016-04-27,2016-04-27,1159000000.0,1170000000.0,2137000000.0,-477000000.0,1660000000.0,-994000000.0,-747000000.0,-239000000.0,,666000000.0,-23000000.0,-23000000.0,643000000,-52000000.0,591000000,-109000000.0,482000000,0.0,482000000,482000000,EBAY,2016-03-31
104109,USD,2016,Q2,2016-07-21,2016-07-21,1144000000.0,1149000000.0,2230000000.0,-493000000.0,1737000000.0,-1142000000.0,-840000000.0,-295000000.0,,595000000.0,-8000000.0,-8000000.0,587000000,-64000000.0,523000000,-86000000.0,437000000,-2000000.0,435000000,435000000,EBAY,2016-06-30
104109,USD,2016,Q3,2016-10-20,2016-10-20,1126000000.0,1139000000.0,2217000000.0,-498000000.0,1719000000.0,-1121000000.0,-824000000.0,-288000000.0,,598000000.0,-9000000.0,-9000000.0,589000000,-56000000.0,533000000,-115000000.0,418000000,-5000000.0,413000000,413000000,EBAY,2016-09-30
104109,USD,2016,Q4,2017-02-06,2017-02-06,1103000000.0,1118000000.0,2395000000.0,-539000000.0,1856000000.0,-1159000000.0,-857000000.0,-292000000.0,,697000000.0,1366000000.0,1366000000.0,2063000000,-59000000.0,2004000000,3944000000.0,5948000000,-12000000.0,5936000000,5936000000,EBAY,2016-12-31
104109,USD,2017,Q1,2017-04-20,2017-04-20,1083000000.0,1102000000.0,2217000000.0,-515000000.0,1702000000.0,-1094000000.0,-807000000.0,-278000000.0,,608000000.0,12000000.0,12000000.0,620000000,-62000000.0,558000000,477000000.0,1035000000,,1035000000,1035000000,EBAY,2017-03-31
104109,USD,2017,Q2,2017-07-21,2017-07-21,1076000000.0,1091000000.0,2328000000.0,-561000000.0,1767000000.0,-1226000000.0,-904000000.0,-313000000.0,,541000000.0,-18000000.0,-18000000.0,523000000,-63000000.0,460000000,-433000000.0,27000000,0.0,27000000,27000000,EBAY,2017-06-30
104109,USD,2017,Q3,2017-10-20,2017-10-20,1062000000.0,1078000000.0,2409000000.0,-556000000.0,1853000000.0,-1207000000.0,-881000000.0,-316000000.0,,646000000.0,119000000.0,119000000.0,765000000,-68000000.0,697000000,-174000000.0,523000000,0.0,523000000,523000000,EBAY,2017-09-30
104109,USD,2017,Q4,2018-02-05,2018-02-05,1035000000.0,985000000.0,2613000000.0,-590000000.0,2023000000.0,-1281000000.0,-954000000.0,-317000000.0,,742000000.0,-102000000.0,-102000000.0,640000000,-79000000.0,561000000,-3158000000.0,-2597000000,-4000000.0,-2601000000,-2601000000,EBAY,2017-12-31
104109,USD,2018,Q1,2018-04-26,2018-04-26,1010000000.0,1029000000.0,2580000000.0,-559000000.0,2021000000.0,-1370000000.0,-1026000000.0,-334000000.0,,651000000.0,-32000000.0,-32000000.0,619000000,-72000000.0,547000000,-140000000.0,407000000,,407000000,407000000,EBAY,2018-03-31
104109,USD,2018,Q2,2018-07-19,2018-07-19,992000000.0,1004000000.0,2640000000.0,-597000000.0,2043000000.0,-1571000000.0,-1206000000.0,-352000000.0,,472000000.0,301000000.0,301000000.0,773000000,-66000000.0,707000000,-69000000.0,638000000,4000000.0,642000000,642000000,EBAY,2018-06-30
104109,USD,2018,Q3,2018-10-31,2018-10-31,974000000.0,983000000.0,2649000000.0,-608000000.0,2041000000.0,-1420000000.0,-1100000000.0,-307000000.0,,621000000.0,392000000.0,392000000.0,1013000000,-65000000.0,948000000,-228000000.0,720000000,1000000.0,721000000,721000000,EBAY,2018-09-30
104109,USD,2018,Q4,2019-01-30,2019-01-30,944000000.0,948000000.0,781000000.0,-259000000.0,522000000.0,-267000000.0,-223000000.0,-58000000.0,-22000000.0,255000000.0,-164000000.0,-164000000.0,91000000,-44000000.0,47000000,316000000.0,363000000,397000000.0,760000000,760000000,EBAY,2018-12-31
104109,USD,2019,Q1,2019-04-24,2019-04-24,900000000.0,908000000.0,2643000000.0,-601000000.0,2042000000.0,-1361000000.0,-1051000000.0,-297000000.0,,681000000.0,64000000.0,64000000.0,745000000,-72000000.0,673000000,-152000000.0,521000000,-3000000.0,518000000,518000000,EBAY,2019-03-31
104109,USD,2019,Q2,2019-07-18,2019-07-18,860000000.0,867000000.0,2687000000.0,-630000000.0,2057000000.0,-1425000000.0,-1091000000.0,-322000000.0,,632000000.0,-51000000.0,-51000000.0,581000000,-71000000.0,510000000,-107000000.0,403000000,-1000000.0,402000000,402000000,EBAY,2019-06-30
104109,USD,2019,Q3,2019-10-24,2019-10-24,830000000.0,837000000.0,2649000000.0,-627000000.0,2022000000.0,-1414000000.0,-1089000000.0,-313000000.0,,608000000.0,-142000000.0,-142000000.0,466000000,-76000000.0,390000000,-80000000.0,310000000,0.0,310000000,310000000,EBAY,2019-09-30
104109,USD,2019,Q4,2020-04-29,2020-04-29,806000000.0,812000000.0,657000000.0,-278000000.0,379000000.0,-177000000.0,-142000000.0,-44000000.0,-28000000.0,202000000.0,17000000.0,17000000.0,219000000,-43000000.0,176000000,106000000.0,282000000,274000000.0,556000000,556000000,EBAY,2019-12-31
104109,USD,2020,Q1,2020-04-30,2021-04-29,753000000.0,757000000.0,2129000000.0,-502000000.0,1627000000.0,-966000000.0,-727000000.0,-232000000.0,-7000000.0,661000000.0,1000000.0,1000000.0,662000000,-96000000.0,566000000,-135000000.0,431000000,2981000000.0,3412000000,3412000000,EBAY,2020-03-31
