SimFinId,Currency,Fiscal Year,Fiscal Period,Publish Date,Restated Date,Shares (Basic),Shares (Diluted),Revenue,Cost of Revenue,Gross Profit,Operating Expenses,"Selling, General & Administrative",Research & Development,Depreciation & Amortization,Operating Income (Loss),Non-Operating Income (Loss),"Interest Expense, Net","Pretax Income (Loss), Adj.",Abnormal Gains (Losses),Pretax Income (Loss),"Income Tax (Expense) Benefit, Net",Income (Loss) from Continuing Operations,Net Extraordinary Gains (Losses),Net Income,Net Income (Common),Ticker,Report_Date
378213,USD,2010,Q2,2010-08-11,2011-08-05,158300000.0,176500000.0,1089700000.0,-789200000.0,300500000.0,-171600000.0,-171600000.0,,,128900000.0,-44100000.0,-41000000.0,84800000,8000000.0,92800000,-25800000.0,67000000,,67000000,67000000,SEE,2010-06-30
378213,USD,2010,Q3,2010-11-08,2011-11-09,158300000.0,176700000.0,1130000000.0,-809500000.0,320500000.0,-173300000.0,-173300000.0,,,147200000.0,-42300000.0,-40700000.0,104900000,600000.0,105500000,-29000000.0,76500000,,76500000,76500000,SEE,2010-09-30
378213,USD,2010,Q4,2011-02-25,2013-03-01,158800000.0,177500000.0,1209200000.0,-877400000.0,331800000.0,-189800000.0,-178600000.0,,-11200000.0,142000000.0,-39700000.0,-39200000.0,102300000,-43200000.0,59100000,-7900000.0,51200000,,51200000,51200000,SEE,2010-12-31
378213,USD,2011,Q1,2011-05-06,2012-05-10,158700000.0,176900000.0,1128500000.0,-819500000.0,309000000.0,-186000000.0,-183500000.0,,-2500000.0,123000000.0,-40900000.0,-37000000.0,82100000,-200000.0,81900000,-22200000.0,59700000,,59700000,59700000,SEE,2011-03-31
378213,USD,2011,Q2,2011-08-05,2012-08-09,159200000.0,177500000.0,1212600000.0,-888300000.0,324300000.0,-188600000.0,-186100000.0,,-2500000.0,135700000.0,-38900000.0,-36900000.0,96800000,-6600000.0,90200000,-25200000.0,65000000,,65000000,65000000,SEE,2011-06-30
378213,USD,2011,Q3,2011-11-09,2012-11-09,159300000.0,177900000.0,1247100000.0,-911400000.0,335700000.0,-181900000.0,-179400000.0,,-2500000.0,153800000.0,-29800000.0,-36600000.0,124000000,-23900000.0,100100000,-26400000.0,73700000,,73700000,73700000,SEE,2011-09-30
378213,USD,2011,Q4,2012-02-29,2014-02-28,190800000.0,209300000.0,1879100000.0,-1267500000.0,611600000.0,-486300000.0,-455400000.0,,-30900000.0,125300000.0,-121500000.0,-106100000.0,3800000,-86600000.0,-82800000,17100000.0,-65700000,16400000.0,-49300000,-49300000,SEE,2011-12-31
378213,USD,2012,Q1,2012-05-10,2013-05-08,191900000.0,191900000.0,1845400000.0,-1224300000.0,621100000.0,-489200000.0,-444700000.0,,-32700000.0,131900000.0,-101300000.0,-97300000.0,30600000,-48900000.0,-18300000,9900000.0,-8400000,2400000.0,-6000000,-6000000,SEE,2012-03-31
378213,USD,2012,Q2,2012-08-09,2013-08-07,193000000.0,193000000.0,1924600000.0,-1296300000.0,628300000.0,-491900000.0,-467200000.0,,-33800000.0,136400000.0,-103000000.0,-97300000.0,33400000,-51600000.0,-18200000,-2500000.0,-20700000,7000000.0,-13700000,-13700000,SEE,2012-06-30
378213,USD,2012,Q3,2012-11-09,2013-11-08,193200000.0,193200000.0,1900300000.0,-1256700000.0,643600000.0,-462200000.0,-426300000.0,,-33000000.0,181400000.0,-95200000.0,-96600000.0,86200000,-1372500000.0,-1286300000,48000000.0,-1238300000,5900000.0,-1232400000,-1232400000,SEE,2012-09-30
378213,USD,2012,Q4,2013-03-01,2015-02-27,193100000.0,193100000.0,1888900000.0,-1261400000.0,627500000.0,-464500000.0,-418500000.0,,-33200000.0,163000000.0,-94600000.0,-93500000.0,68400000,-630000000.0,-561600000,210000000.0,-351600000,192300000.0,-159300000,-159300000,SEE,2012-12-31
378213,USD,2013,Q1,2013-05-08,2014-05-07,193800000.0,212700000.0,1828900000.0,-1216700000.0,612200000.0,-484600000.0,-434700000.0,,-31900000.0,127600000.0,-90500000.0,-90800000.0,37100000,-45600000.0,-8500000,9200000.0,700000,2000000.0,2700000,2700000,SEE,2013-03-31
378213,USD,2013,Q2,2013-08-07,2014-08-06,194800000.0,213600000.0,1937400000.0,-1278300000.0,659100000.0,-481400000.0,-449900000.0,,-31400000.0,177700000.0,-93000000.0,-89700000.0,84700000,-12500000.0,72200000,-17900000.0,54300000,2000000.0,56300000,56300000,SEE,2013-06-30
378213,USD,2013,Q3,2013-11-08,2014-11-05,194900000.0,215300000.0,1912000000.0,-1262100000.0,649900000.0,-463800000.0,-426000000.0,,-29100000.0,186100000.0,-88600000.0,-88900000.0,97500000,-51200000.0,46300000,-11200000.0,35100000,2500000.0,37600000,37600000,SEE,2013-09-30
378213,USD,2013,Q4,2014-02-28,2016-02-22,194900000.0,215200000.0,2012500000.0,-1343800000.0,668700000.0,-481700000.0,-439600000.0,,-30800000.0,187000000.0,-100800000.0,-91600000.0,86200000,-16000000.0,70200000,-65000000.0,5200000,24000000.0,29200000,29200000,SEE,2013-12-31
378213,USD,2014,Q1,2014-05-07,2015-05-05,206700000.0,214500000.0,1827700000.0,-1188100000.0,639600000.0,-479100000.0,-447400000.0,,-31200000.0,160500000.0,-78500000.0,-78500000.0,82000000,-900000.0,81100000,-10200000.0,70900000,,70900000,70900000,SEE,2014-03-31
378213,USD,2014,Q2,2014-08-06,2015-08-04,213500000.0,214700000.0,1973600000.0,-1294000000.0,679600000.0,-493600000.0,-460700000.0,,-31200000.0,186000000.0,-78700000.0,-73900000.0,107300000,-14300000.0,93000000,-32900000.0,60100000,,60100000,60100000,SEE,2014-06-30
378213,USD,2014,Q3,2014-11-05,2015-11-03,210400000.0,213500000.0,1975500000.0,-1279400000.0,696100000.0,-500200000.0,-468800000.0,,-30400000.0,195900000.0,-65200000.0,-69700000.0,130700000,-33200000.0,97500000,-36700000.0,60800000,,60800000,60800000,SEE,2014-09-30
378213,USD,2014,Q4,2015-02-27,2017-02-15,209400000.0,212900000.0,1973700000.0,-1301400000.0,672300000.0,-495400000.0,-464400000.0,,-26100000.0,176900000.0,-56500000.0,-65600000.0,120400000,-124800000.0,-4400000,70700000.0,66300000,,66300000,66300000,SEE,2014-12-31
378213,USD,2015,Q1,2015-05-05,2016-05-02,208900000.0,211700000.0,1746400000.0,-1096800000.0,649600000.0,-453300000.0,-427800000.0,,-22600000.0,196300000.0,-53100000.0,-58500000.0,143200000,-11900000.0,131300000,-34100000.0,97200000,,97200000,97200000,SEE,2015-03-31
378213,USD,2015,Q2,2015-08-04,2016-08-01,208500000.0,211300000.0,1785000000.0,-1121200000.0,663800000.0,-439900000.0,-415300000.0,,-23000000.0,223900000.0,-52000000.0,-59000000.0,171900000,-129000000.0,42900000,-14800000.0,28100000,,28100000,28100000,SEE,2015-06-30
378213,USD,2015,Q3,2015-11-03,2016-10-31,202900000.0,205800000.0,1746200000.0,-1109600000.0,636600000.0,-422000000.0,-400600000.0,,-21800000.0,214600000.0,-49300000.0,-54800000.0,165300000,-39300000.0,126000000,-39400000.0,86600000,,86600000,86600000,SEE,2015-09-30
378213,USD,2015,Q4,2016-02-22,2018-02-21,195300000.0,198000000.0,-867300000.0,372500000.0,-494800000.0,526100000.0,465700000.0,,56300000.0,31300000.0,-47800000.0,-31900000.0,-16500000,7700000.0,-8800000,-44300000.0,-53100000,176600000.0,123500000,123500000,SEE,2015-12-31
378213,USD,2016,Q1,2016-05-02,2017-05-10,195200000.0,197000000.0,1005900000.0,-670300000.0,335600000.0,-187900000.0,-185100000.0,,-2800000.0,147700000.0,-54400000.0,-50900000.0,93300000,-800000.0,92500000,-17600000.0,74900000,27500000.0,102400000,102400000,SEE,2016-03-31
378213,USD,2016,Q2,2016-08-01,2017-08-09,195600000.0,197900000.0,1038900000.0,-689300000.0,349600000.0,-200800000.0,-197300000.0,,-3500000.0,148800000.0,-46400000.0,-50900000.0,102400000,-47800000.0,54600000,-53000000.0,1600000,48000000.0,49600000,49600000,SEE,2016-06-30
378213,USD,2016,Q3,2016-10-31,2017-11-27,194100000.0,196700000.0,1065100000.0,-708400000.0,356700000.0,-188300000.0,-184200000.0,,-4100000.0,168400000.0,-49200000.0,-49600000.0,119200000,-1300000.0,117900000,-54100000.0,63800000,99500000.0,163300000,163300000,SEE,2016-09-30
378213,USD,2016,Q4,2017-02-15,2018-02-21,192300000.0,197200000.0,1101400000.0,-738400000.0,363000000.0,-193700000.0,-189100000.0,,-4600000.0,169300000.0,-42600000.0,-40500000.0,126700000,-3800000.0,122900000,29100000.0,152000000,19100000.0,171100000,171100000,SEE,2016-12-31
378213,USD,2017,Q1,2017-05-10,2018-05-07,193400000.0,195700000.0,1032200000.0,-696800000.0,335400000.0,-202400000.0,-197400000.0,,-5000000.0,133000000.0,-48400000.0,-46600000.0,84600000,-1900000.0,82700000,-136400000.0,-53700000,10500000.0,-43200000,-43200000,SEE,2017-03-31
378213,USD,2017,Q2,2017-08-09,2018-08-06,192500000.0,194800000.0,1070300000.0,-726800000.0,343500000.0,-204000000.0,-202900000.0,,-1100000.0,139500000.0,-53000000.0,-47700000.0,86500000,-1100000.0,85400000,-56400000.0,29000000,75100000.0,104100000,104100000,SEE,2017-06-30
378213,USD,2017,Q3,2017-11-27,2017-11-27,186900000.0,188900000.0,1131300000.0,-769200000.0,362100000.0,-195800000.0,-192700000.0,,-3100000.0,166300000.0,-54000000.0,-54000000.0,112300000,-6200000.0,106100000,-43700000.0,62400000,725000000.0,787400000,787400000,SEE,2017-09-30
378213,USD,2017,Q4,2018-02-21,2018-02-21,174800000.0,176200000.0,1227800000.0,-851600000.0,376200000.0,-206900000.0,-203000000.0,,-3900000.0,169300000.0,-47300000.0,-35900000.0,122000000,-2900000.0,119100000,-94000000.0,25100000,-58500000.0,-33400000,-33400000,SEE,2017-12-31
378213,USD,2018,Q1,2018-05-07,2018-05-07,165300000.0,165300000.0,1131000000.0,-757000000.0,374000000.0,-197900000.0,-194000000.0,,-3900000.0,176100000.0,-54000000.0,-42000000.0,122100000,-8600000.0,113500000,-321500000.0,-208000000,7400000.0,-200600000,-200600000,SEE,2018-03-31
378213,USD,2018,Q2,2018-08-06,2018-08-06,159700000.0,160600000.0,1155200000.0,-791700000.0,363500000.0,-196200000.0,-192800000.0,,-3400000.0,167300000.0,-43400000.0,-44500000.0,123900000,-7100000.0,116800000,-33500000.0,83300000,31100000.0,114400000,114400000,SEE,2018-06-30
378213,USD,2018,Q3,2018-11-02,2018-11-02,157200000.0,158000000.0,1186200000.0,-820700000.0,365500000.0,-195700000.0,-192100000.0,,-3600000.0,169800000.0,-54200000.0,-44800000.0,115600000,-6600000.0,109000000,-33400000.0,75600000,3400000.0,79000000,79000000,SEE,2018-09-30
378213,USD,2018,Q4,2019-02-19,2019-02-19,155400000.0,156900000.0,1260300000.0,-861200000.0,399100000.0,-208200000.0,-203400000.0,,-4800000.0,190900000.0,-44400000.0,-46600000.0,146500000,-28000000.0,118500000,80900000.0,199400000,900000.0,200300000,200300000,SEE,2018-12-31
378213,USD,2019,Q1,2019-05-01,2019-05-01,154800000.0,155400000.0,1112700000.0,-747500000.0,365200000.0,-216700000.0,-212100000.0,,-4600000.0,148500000.0,-45600000.0,-44900000.0,102900000,-8200000.0,94700000,-30400000.0,64300000,50700000.0,115000000,115000000,SEE,2019-03-31
378213,USD,2019,Q2,2019-08-02,2019-08-02,154500000.0,155300000.0,1161000000.0,-782700000.0,378300000.0,-270600000.0,-266200000.0,,-4400000.0,107700000.0,-39300000.0,-43200000.0,68400000,-30600000.0,37800000,-12300000.0,25500000,40900000.0,66400000,66400000,SEE,2019-06-30
378213,USD,2019,Q3,2019-11-08,2019-11-08,154000000.0,154800000.0,1218500000.0,-826500000.0,392000000.0,-231100000.0,-221600000.0,,-9500000.0,160900000.0,-50400000.0,-48500000.0,110500000,-8200000.0,102300000,-22800000.0,79500000,56500000.0,136000000,136000000,SEE,2019-09-30
378213,USD,2019,Q4,2020-03-02,2020-03-02,153900000.0,155300000.0,1298900000.0,-869600000.0,429300000.0,-226000000.0,-215600000.0,,-10400000.0,203300000.0,-68300000.0,-47500000.0,135000000,500000.0,135500000,-11100000.0,124400000,-178800000.0,-54400000,-54400000,SEE,2019-12-31
378213,USD,2020,Q1,2020-05-05,2021-05-04,154500000.0,154800000.0,1173900000.0,-783400000.0,390500000.0,-203100000.0,-194100000.0,,-9000000.0,187400000.0,-39600000.0,-44400000.0,147800000,-600000.0,147200000,-32700000.0,114500000,12100000.0,126600000,126600000,SEE,2020-03-31
