SimFinId,Currency,Fiscal Year,Fiscal Period,Publish Date,Restated Date,Shares (Basic),Shares (Diluted),Revenue,Cost of Revenue,Gross Profit,Operating Expenses,"Selling, General & Administrative",Research & Development,Depreciation & Amortization,Operating Income (Loss),Non-Operating Income (Loss),"Interest Expense, Net","Pretax Income (Loss), Adj.",Abnormal Gains (Losses),Pretax Income (Loss),"Income Tax (Expense) Benefit, Net",Income (Loss) from Continuing Operations,Net Extraordinary Gains (Losses),Net Income,Net Income (Common),Ticker,Report_Date
625334,USD,2011,Q2,2011-08-04,2012-08-07,19101588.0,19101588.0,602718000.0,-544019000.0,58699000.0,-40627000.0,-39365000.0,,-1262000.0,18072000.0,-15885000.0,-15885000.0,2187000,-1169000.0,1018000,-2570000.0,-1552000,,-2774000,-2774000,TOWR,2011-06-30
625334,USD,2011,Q3,2011-11-03,2012-11-01,19562951.0,19562951.0,588991000.0,-529335000.0,59656000.0,-43350000.0,-42106000.0,,-1244000.0,16306000.0,-17031000.0,-16681000.0,-725000,-494000.0,-1219000,-2547000.0,-3766000,,-4848000,-4848000,TOWR,2011-09-30
625334,USD,2011,Q4,2012-04-27,2014-03-07,19691605.0,18903110.0,262364000.0,-248459000.0,13905000.0,-33551000.0,-32360000.0,,-1191000.0,-19646000.0,-8817000.0,-8686000.0,-28463000,-514000.0,-28977000,-1563000.0,-30540000,6948000.0,-24664000,-24664000,TOWR,2011-12-31
625334,USD,2012,Q1,2012-05-03,2013-05-02,19691679.0,20660307.0,529691000.0,-473194000.0,56497000.0,-37628000.0,-36451000.0,,-1177000.0,18869000.0,-13470000.0,-13470000.0,5399000,-1934000.0,3465000,-2142000.0,1323000,737000.0,626000,626000,TOWR,2012-03-31
625334,USD,2012,Q2,2012-08-07,2013-07-31,20134096.0,20328764.0,554952000.0,-484489000.0,70463000.0,-33688000.0,-32546000.0,,-1142000.0,36775000.0,-13776000.0,-13776000.0,22999000,-2833000.0,20166000,-12524000.0,7642000,1616000.0,7658000,7658000,TOWR,2012-06-30
625334,USD,2012,Q3,2012-11-01,2013-10-30,20246797.0,20246797.0,492127000.0,-438799000.0,53328000.0,-33374000.0,-32254000.0,,-1120000.0,19954000.0,-13172000.0,-13172000.0,6782000,-3186000.0,3596000,-3047000.0,549000,-2931000.0,-3975000,-3975000,TOWR,2012-09-30
625334,USD,2012,Q4,2013-03-07,2015-02-27,20250784.0,19087488.0,349033000.0,-333039000.0,15994000.0,-33074000.0,-31934000.0,,-1140000.0,-17080000.0,-14204000.0,-14204000.0,-31284000,-2785000.0,-34069000,3961000.0,-30108000,46180000.0,13723000,13723000,TOWR,2012-12-31
625334,USD,2013,Q1,2013-05-02,2014-04-30,20261259.0,20593045.0,534140000.0,-476080000.0,58060000.0,-34202000.0,-33370000.0,,-832000.0,23858000.0,-13154000.0,-13154000.0,10704000,-2680000.0,8024000,-3490000.0,4534000,,2548000,2548000,TOWR,2013-03-31
625334,USD,2013,Q2,2013-07-31,2014-07-31,20362672.0,20362672.0,555878000.0,-486411000.0,69467000.0,-34231000.0,-33575000.0,,-656000.0,35236000.0,-62289000.0,-21196000.0,-27053000,-14651000.0,-41704000,-3644000.0,-45348000,,-45111000,-45111000,TOWR,2013-06-30
625334,USD,2013,Q3,2013-10-30,2014-10-30,20449920.0,21106471.0,495197000.0,-439222000.0,55975000.0,-31936000.0,-31290000.0,,-646000.0,24039000.0,-16825000.0,-9127000.0,7214000,-1575000.0,5639000,-1423000.0,4216000,,3318000,3318000,TOWR,2013-09-30
625334,USD,2013,Q4,2014-03-07,2016-02-29,20474821.0,19486484.0,381277000.0,-334463000.0,46814000.0,-35228000.0,-34569000.0,,-659000.0,11586000.0,-7404000.0,-7189000.0,4182000,-2292000.0,1890000,8379000.0,10269000,10265000.0,18970000,18970000,TOWR,2013-12-31
625334,USD,2014,Q1,2014-04-30,2015-05-07,20513183.0,21263163.0,519263000.0,-458474000.0,60789000.0,-34762000.0,-34105000.0,,-657000.0,26027000.0,-7282000.0,-7036000.0,18745000,-1389000.0,17356000,-2834000.0,14522000,756000.0,14855000,14855000,TOWR,2014-03-31
625334,USD,2014,Q2,2014-07-31,2015-07-30,20651097.0,21373867.0,548467000.0,-486118000.0,62349000.0,-32273000.0,-31606000.0,,-667000.0,30076000.0,-7426000.0,-7204000.0,22650000,-4716000.0,17934000,-2661000.0,15273000,1677000.0,16096000,16096000,TOWR,2014-06-30
625334,USD,2014,Q3,2014-10-30,2015-10-30,20733785.0,21457369.0,497722000.0,-444785000.0,52937000.0,-34443000.0,-34223000.0,,-220000.0,18494000.0,-7439000.0,-7194000.0,11055000,-1392000.0,9663000,-1634000.0,8029000,4873000.0,11161000,11161000,TOWR,2014-09-30
625334,USD,2014,Q4,2015-02-27,2017-02-28,20751635.0,21469601.0,272598000.0,-232921000.0,39677000.0,-23263000.0,-23640000.0,,377000.0,16414000.0,-8925000.0,-9551000.0,7489000,-3914000.0,3575000,-207000.0,3368000,-21411000.0,-20596000,-20596000,TOWR,2014-12-31
625334,USD,2015,Q1,2015-05-07,2016-04-28,21050230.0,21360492.0,496628000.0,-440138000.0,56490000.0,-31532000.0,-31532000.0,,0.0,24958000.0,-7631000.0,-7725000.0,17327000,-1031000.0,16296000,-2099000.0,14197000,-76000.0,14041000,14041000,TOWR,2015-03-31
625334,USD,2015,Q2,2015-07-30,2016-07-26,21104735.0,21403354.0,449528000.0,-388594000.0,60934000.0,-30301000.0,-30301000.0,,0.0,30633000.0,-3877000.0,-3877000.0,26756000,-5266000.0,21490000,-1951000.0,19539000,-400000.0,18646000,18646000,TOWR,2015-06-30
625334,USD,2015,Q3,2015-10-30,2016-11-02,21107477.0,21422859.0,442190000.0,-388989000.0,53201000.0,-31118000.0,-30869000.0,,-249000.0,22083000.0,-6217000.0,-6217000.0,15866000,-784000.0,15082000,-1456000.0,13626000,3246000.0,16283000,16283000,TOWR,2015-09-30
625334,USD,2015,Q4,2016-02-29,2018-02-28,21111106.0,21446499.0,407757000.0,-360510000.0,47247000.0,-31757000.0,-31757000.0,,0.0,15490000.0,-5997000.0,-5903000.0,9493000,-738000.0,8755000,129350000.0,138105000,7554000.0,145082000,145082000,TOWR,2015-12-31
625334,USD,2016,Q1,2016-04-28,2017-05-02,21126462.0,21444570.0,489194000.0,-432105000.0,57089000.0,-32968000.0,-32852000.0,,-116000.0,24121000.0,-11130000.0,-7554000.0,12991000,-746000.0,12245000,-3516000.0,8729000,-345000.0,8378000,8378000,TOWR,2016-03-31
625334,USD,2016,Q2,2016-07-26,2017-07-26,21164505.0,21489161.0,505131000.0,-442989000.0,62142000.0,-32166000.0,-32050000.0,,-116000.0,29976000.0,-7852000.0,-4947000.0,22124000,-840000.0,21284000,-6015000.0,15269000,-20021000.0,-4841000,-4841000,TOWR,2016-06-30
625334,USD,2016,Q3,2016-11-02,2017-10-30,20830203.0,21182149.0,457042000.0,-396806000.0,60236000.0,-31335000.0,-31223000.0,,-112000.0,28901000.0,-5558000.0,-5558000.0,23343000,-1196000.0,22147000,-4239000.0,17908000,367000.0,18157000,18157000,TOWR,2016-09-30
625334,USD,2016,Q4,2017-02-28,2019-02-27,20336114.0,20772852.0,-132321000.0,126986000.0,-5335000.0,-6038000.0,-5933000.0,,-105000.0,-11373000.0,2624000.0,897000.0,-8749000,-24455000.0,-33204000,5002000.0,-28202000,45575000.0,16885000,16885000,TOWR,2016-12-31
625334,USD,2017,Q1,2017-05-02,2018-05-03,20425216.0,20820457.0,497590000.0,-441290000.0,56300000.0,-29328000.0,-29225000.0,,-103000.0,26972000.0,-502000.0,-406000.0,26470000,-3911000.0,22559000,-6496000.0,16063000,1350000.0,17345000,17345000,TOWR,2017-03-31
625334,USD,2017,Q2,2017-07-26,2018-07-31,20508890.0,20805931.0,489925000.0,-428807000.0,61118000.0,-29120000.0,-29007000.0,,-113000.0,31998000.0,-1242000.0,-1721000.0,30756000,-3337000.0,27419000,-7672000.0,19747000,-489000.0,19216000,19216000,TOWR,2017-06-30
625334,USD,2017,Q3,2017-10-30,2018-10-29,20522001.0,20787405.0,462372000.0,-404332000.0,58040000.0,-29784000.0,-29667000.0,,-117000.0,28256000.0,-4896000.0,-5609000.0,23360000,-1131000.0,22229000,-8002000.0,14227000,704000.0,14931000,14931000,TOWR,2017-09-30
625334,USD,2017,Q4,2018-02-28,2019-02-27,20538565.0,20901759.0,-67413000.0,81118000.0,13705000.0,33000.0,143000.0,,-110000.0,13738000.0,-3679000.0,-2008000.0,10059000,1526000.0,11585000,-21919000.0,-10334000,6467000.0,-3867000,-3867000,TOWR,2017-12-31
625334,USD,2018,Q1,2018-05-03,2019-05-02,20556613.0,20951973.0,407233000.0,-359049000.0,48184000.0,-23457000.0,-23345000.0,,-112000.0,24727000.0,-3793000.0,-4351000.0,20934000,-1243000.0,19691000,-3236000.0,16455000,845000.0,17300000,17300000,TOWR,2018-03-31
625334,USD,2018,Q2,2018-07-31,2018-07-31,20597482.0,20986122.0,556007000.0,-491948000.0,64059000.0,-30977000.0,-30869000.0,,-108000.0,33082000.0,-5561000.0,-5143000.0,27521000,-269000.0,27252000,-5539000.0,21713000,663000.0,22376000,22376000,TOWR,2018-06-30
625334,USD,2018,Q3,2018-10-29,2018-10-29,20605168.0,21035802.0,524566000.0,-462941000.0,61625000.0,-30064000.0,-29954000.0,,-110000.0,31561000.0,-5397000.0,-5955000.0,26164000,-491000.0,25673000,-3996000.0,21677000,903000.0,22580000,22580000,TOWR,2018-09-30
625334,USD,2018,Q4,2019-02-27,2019-02-27,20607433.0,21010375.0,84047000.0,-64017000.0,20030000.0,-5464000.0,-5359000.0,,-105000.0,14566000.0,-5024000.0,-3349000.0,9542000,-3780000.0,5762000,11512000.0,17274000,-30630000.0,-13356000,-13356000,TOWR,2018-12-31
625334,USD,2019,Q1,2019-05-02,2019-05-02,20632128.0,21063287.0,378738000.0,-341971000.0,36767000.0,-25295000.0,-25186000.0,,-109000.0,11472000.0,-460000.0,-5031000.0,11012000,-123000.0,10889000,-3217000.0,7672000,-12740000.0,-5068000,-5068000,TOWR,2019-03-31
