SimFinId,Currency,Fiscal Year,Fiscal Period,Publish Date,Restated Date,Shares (Basic),Shares (Diluted),Revenue,Cost of Revenue,Gross Profit,Operating Expenses,"Selling, General & Administrative",Research & Development,Depreciation & Amortization,Operating Income (Loss),Non-Operating Income (Loss),"Interest Expense, Net","Pretax Income (Loss), Adj.",Abnormal Gains (Losses),Pretax Income (Loss),"Income Tax (Expense) Benefit, Net",Income (Loss) from Continuing Operations,Net Extraordinary Gains (Losses),Net Income,Net Income (Common),Ticker,Report_Date
714287,USD,2011,Q2,2011-09-01,2012-08-14,3556808.0,3556808.0,553108.0,-179051.0,374057.0,-1079734.0,-775720.0,-179273.0,-124741.0,-705677.0,-138242.0,-138242.0,-843919,-154104.0,-998023,38.0,-997985,,-997985,-997985,MFON,2011-06-30
714287,USD,2011,Q3,2011-11-21,2012-11-14,3675535.0,3675535.0,842885.0,-311717.0,531168.0,-1568443.0,-1201858.0,-174802.0,-191783.0,-1037275.0,-133055.0,-133055.0,-1170330,-401710.0,-1572040,-1600.0,-1573640,,-1573640,-1573640,MFON,2011-09-30
714287,USD,2011,Q4,2012-04-16,2013-03-21,3758236.0,3758236.0,987634.0,-416249.0,571385.0,-1823195.0,-1543366.0,152682.0,-432511.0,-1251810.0,-167492.0,-167492.0,-1419302,-11008886.0,-12428188,-1658.0,-12429846,,-12429846,-12429846,MFON,2011-12-31
714287,USD,2012,Q1,2012-05-21,2013-05-15,3800367.0,3800367.0,1013206.0,-367769.0,645437.0,-1579663.0,-1264833.0,-160213.0,-154617.0,-934226.0,-358178.0,-358178.0,-1292404,-399836.0,-1692240,0.0,-1692240,,-1692240,-1692240,MFON,2012-03-31
714287,USD,2012,Q2,2012-08-14,2013-08-14,3800367.0,3800367.0,1009398.0,-332458.0,676940.0,-1461340.0,-1178814.0,-135760.0,-146766.0,-784400.0,-877753.0,-877753.0,-1662153,670608.0,-991545,0.0,-991545,,-991545,-991545,MFON,2012-06-30
714287,USD,2012,Q3,2012-11-14,2013-11-14,23215481.0,23215481.0,1006262.0,-307061.0,699201.0,-1329872.0,-1043137.0,-156156.0,-130579.0,-630671.0,-1780873.0,-1780873.0,-2411544,55146.0,-2356398,0.0,-2356398,,-2356398,-2356398,MFON,2012-09-30
714287,USD,2012,Q4,2013-03-21,2014-03-31,3869247.0,3869247.0,1050879.0,-293037.0,757842.0,-1287786.0,-1060267.0,-110330.0,-117189.0,-529944.0,-1539927.0,-1539927.0,-2069871,-228873.0,-2298744,0.0,-2298744,,-2298744,-2298744,MFON,2012-12-31
714287,USD,2013,Q1,2013-05-15,2014-05-15,3869247.0,3869247.0,1027993.0,-284622.0,743371.0,-1023392.0,-895524.0,-94055.0,-33813.0,-280021.0,-1447356.0,-1447356.0,-1727377,-695838.0,-2423215,0.0,-2423215,,-2423215,-2423215,MFON,2013-03-31
714287,USD,2013,Q2,2013-08-22,2014-08-14,5849971.0,5849971.0,1085610.0,-311390.0,774220.0,-2438641.0,-2223142.0,-157184.0,-58315.0,-1664421.0,-4899175.0,-4899175.0,-6563596,-3311225.0,-9874821,0.0,-9874821,,-9874821,-9874821,MFON,2013-06-30
714287,USD,2013,Q3,2013-11-14,2014-11-14,16215030.0,16215030.0,1035952.0,-268507.0,767445.0,-3119424.0,-2815917.0,-214374.0,-89133.0,-2351979.0,-422.0,-422.0,-2352401,-51913.0,-2404314,0.0,-2404314,,-2404314,-2404314,MFON,2013-09-30
714287,USD,2013,Q4,2014-03-31,2015-03-31,16513780.0,16513780.0,944112.0,-257518.0,686594.0,-1400008.0,-951650.0,-359040.0,-89318.0,-713414.0,-486.0,-486.0,-713900,-1342781.0,-2056681,0.0,-2056681,,-2056681,-2056681,MFON,2013-12-31
714287,USD,2014,Q1,2014-05-15,2015-05-08,17490954.0,17490954.0,903215.0,-260893.0,642322.0,-2437054.0,-2071038.0,-297933.0,-68083.0,-1794732.0,905.0,905.0,-1793827,30079.0,-1763748,0.0,-1763748,,-1763748,-1763748,MFON,2014-03-31
714287,USD,2014,Q2,2014-08-14,2015-08-13,22237762.0,22237762.0,1109891.0,-258340.0,851551.0,-2308745.0,-1808999.0,-383865.0,-115881.0,-1457194.0,-683.0,-683.0,-1457877,27713.0,-1430164,0.0,-1430164,,-1430164,-1430164,MFON,2014-06-30
714287,USD,2014,Q3,2014-11-14,2015-11-12,22237762.0,22237762.0,1044254.0,-272252.0,772002.0,-2205286.0,-1744655.0,-344322.0,-116309.0,-1433284.0,-751.0,-751.0,-1434035,-2354.0,-1436389,-1678.0,-1438067,,-1438067,-1438067,MFON,2014-09-30
714287,USD,2014,Q4,2015-03-31,2016-03-30,22795612.0,22847774.0,942842.0,-275432.0,667410.0,-2977426.0,-2541186.0,-320078.0,-116162.0,-2310016.0,2660.0,2660.0,-2307356,-3503107.0,-5810463,1678.0,-5808785,,-5808785,-5808785,MFON,2014-12-31
714287,USD,2015,Q1,2015-05-08,2016-05-16,23022420.0,23022420.0,940172.0,-263914.0,676258.0,-2424177.0,-2254287.0,-114144.0,-55746.0,-1747919.0,56.0,56.0,-1747863,18325.0,-1729538,,-1729538,,-1729538,-1729538,MFON,2015-03-31
714287,USD,2015,Q2,2015-08-13,2016-08-15,26385601.0,26385601.0,1091245.0,-270038.0,821207.0,-2128470.0,-1844168.0,-201562.0,-82740.0,-1307263.0,492.0,492.0,-1306771,-23140.0,-1329911,0.0,-1329911,,-1329911,-1329911,MFON,2015-06-30
714287,USD,2015,Q3,2015-11-12,2016-11-14,28480322.0,28480322.0,1303663.0,-286503.0,1017160.0,-2448462.0,-2073677.0,-269273.0,-105512.0,-1431302.0,506.0,506.0,-1430796,108347.0,-1322449,0.0,-1322449,,-1322449,-1322449,MFON,2015-09-30
714287,USD,2015,Q4,2016-03-30,2017-03-31,28851365.0,28851365.0,1283908.0,-246214.0,1037694.0,-2796160.0,-2534556.0,-143762.0,-117842.0,-1758466.0,-361.0,-361.0,-1758827,7679.0,-1751148,0.0,-1751148,,-1751148,-1751148,MFON,2015-12-31
714287,USD,2016,Q1,2016-05-16,2017-05-15,29778439.0,29778439.0,1845240.0,-404940.0,1440300.0,-2806851.0,-2311365.0,-349098.0,-146388.0,-1366551.0,7325.0,-7225.0,-1359226,,-1359226,0.0,-1359226,,-1359226,-1359226,MFON,2016-03-31
714287,USD,2016,Q2,2016-08-15,2017-07-31,33059007.0,33059007.0,2074713.0,-504964.0,1569749.0,-2533764.0,-1988798.0,-383770.0,-161196.0,-964015.0,-32448.0,-18161.0,-996463,,-996463,0.0,-996463,,-996463,-996463,MFON,2016-06-30
714287,USD,2016,Q3,2016-11-14,2017-11-14,33059007.0,33059007.0,2182750.0,-564039.0,1618711.0,-3172311.0,-2292581.0,-685311.0,-194419.0,-1553600.0,-25003.0,-25375.0,-1578603,,-1578603,0.0,-1578603,,-1578603,-1578603,MFON,2016-09-30
714287,USD,2016,Q4,2017-03-31,2018-04-11,35294071.0,35294071.0,2329913.0,-622449.0,1707464.0,-3333084.0,-2089725.0,-1035906.0,-207453.0,-1625620.0,-22899.0,-23820.0,-1648519,-3931650.0,-5580169,0.0,-5580169,,-5580169,-5580169,MFON,2016-12-31
714287,USD,2017,Q1,2017-05-15,2018-05-14,36388997.0,36388997.0,2113283.0,-557388.0,1555895.0,-2882271.0,-2224203.0,-589322.0,-68746.0,-1326376.0,-22850.0,-20202.0,-1349226,,-1349226,0.0,-1349226,,-1349226,-1349226,MFON,2017-03-31
714287,USD,2017,Q2,2017-07-31,2018-08-14,36391063.0,36391063.0,2238680.0,-599736.0,1638944.0,-2887048.0,-1714401.0,-1073189.0,-99458.0,-1248104.0,-31017.0,-30489.0,-1279121,,-1279121,0.0,-1279121,,-1279121,-1279121,MFON,2017-06-30
714287,USD,2017,Q3,2017-11-14,2017-11-14,36683122.0,36683122.0,2083987.0,-786385.0,1297602.0,-2772357.0,-1489529.0,-1177318.0,-105510.0,-1474755.0,-62717.0,-61786.0,-1537472,,-1537472,0.0,-1537472,,-1537472,-1537472,MFON,2017-09-30
714287,USD,2017,Q4,2018-04-11,2018-04-11,36839866.0,36839866.0,2156005.0,-849229.0,1306776.0,-3035168.0,-1560760.0,-1361818.0,-112590.0,-1728392.0,-51801.0,-51930.0,-1780193,0.0,-1780193,0.0,-1780193,,-1780193,-1780193,MFON,2017-12-31
714287,USD,2018,Q1,2018-05-14,2018-05-14,38018733.0,38018733.0,3693328.0,-793389.0,2899939.0,-4338491.0,-2709923.0,-1531598.0,-96970.0,-1438552.0,-56703.0,-57033.0,-1495255,-8722.0,-1503977,0.0,-1503977,,-1503977,-1503977,MFON,2018-03-31
714287,USD,2018,Q2,2018-08-14,2018-08-14,38018733.0,38018733.0,1366239.0,-756130.0,610109.0,-2084242.0,-1562854.0,-422660.0,-98728.0,-1474133.0,-110779.0,-109489.0,-1584912,,-1584912,0.0,-1584912,,-1584912,-1584912,MFON,2018-06-30
714287,USD,2018,Q3,2018-11-14,2018-11-14,45719664.0,53394242.0,4561368.0,-1021285.0,3540083.0,-3421037.0,-1649773.0,-1683738.0,-87526.0,119046.0,-27740.0,-25634.0,91306,,91306,0.0,91306,,91306,91306,MFON,2018-09-30
714287,USD,2018,Q4,2019-04-15,2019-04-15,46776342.0,39101764.0,1935601.0,-1361530.0,574071.0,-2485280.0,-2206458.0,-75791.0,-203031.0,-1911209.0,-18800.0,-14121.0,-1930009,-2288057.0,-4218066,0.0,-4218066,,-4218066,-4218066,MFON,2018-12-31
714287,USD,2019,Q1,2019-05-15,2019-05-15,45998053.0,45998053.0,2416617.0,-1171909.0,1244708.0,-3024329.0,-2162502.0,-577733.0,-284094.0,-1779621.0,-42026.0,-41888.0,-1821647,0.0,-1821647,0.0,-1821647,,-1821647,-1821647,MFON,2019-03-31
714287,USD,2019,Q2,2019-08-14,2019-08-14,45998053.0,45998053.0,2434841.0,-1626823.0,808018.0,-3293027.0,-2383316.0,-761320.0,-148391.0,-2485009.0,-89890.0,-89855.0,-2574899,0.0,-2574899,0.0,-2574899,,-2574899,-2574899,MFON,2019-06-30
714287,USD,2019,Q3,2019-11-14,2019-11-14,47488574.0,47488574.0,2481986.0,-1586411.0,895575.0,-2554255.0,-2018118.0,-380539.0,-155598.0,-1658680.0,-24291.0,-30933.0,-1682971,-232462.0,-1915433,0.0,-1915433,,-1915433,-1915433,MFON,2019-09-30
714287,USD,2019,Q4,2020-03-30,2020-03-30,51397348.0,51397348.0,2723478.0,-1553155.0,1170323.0,-3634108.0,-1731749.0,-1890376.0,-11983.0,-2463785.0,-46210.0,-45870.0,-2509995,0.0,-2509995,0.0,-2509995,,-2509995,-2509995,MFON,2019-12-31
714287,USD,2020,Q1,2020-04-29,2021-05-13,51435084.0,51435084.0,4549992.0,-1584402.0,2965590.0,-3906172.0,-2054793.0,-1677442.0,-173937.0,-940582.0,-75197.0,-76352.0,-1015779,,-1015779,,-1015779,,-1015779,-1015779,MFON,2020-03-31
