SimFinId,Currency,Fiscal Year,Fiscal Period,Publish Date,Restated Date,Shares (Basic),Shares (Diluted),Revenue,Cost of Revenue,Gross Profit,Operating Expenses,"Selling, General & Administrative",Research & Development,Depreciation & Amortization,Operating Income (Loss),Non-Operating Income (Loss),"Interest Expense, Net","Pretax Income (Loss), Adj.",Abnormal Gains (Losses),Pretax Income (Loss),"Income Tax (Expense) Benefit, Net",Income (Loss) from Continuing Operations,Net Extraordinary Gains (Losses),Net Income,Net Income (Common),Ticker,Report_Date
651784,USD,2011,Q2,2011-08-11,2012-08-14,13361210.0,13949109.0,23045923.0,-17679953.0,5365970.0,-4770582.0,-3215744.0,-1231593.0,-323245.0,595388.0,42991.0,-8657.0,638379,117229.0,755608,-189949.0,565659,,565659,565659,TCX,2011-06-30
651784,USD,2011,Q3,2011-11-10,2012-11-14,13363051.0,13363051.0,25094056.0,-19035468.0,6058588.0,-4949988.0,-3478981.0,-1220953.0,-250054.0,1108600.0,-18718.0,-18718.0,1089882,-1845550.0,-755668,-422592.0,-1178260,,-1178260,-1178260,TCX,2011-09-30
651784,USD,2011,Q4,2012-03-16,2014-03-18,13370997.0,14500288.0,26369781.0,-19832722.0,6537059.0,-4738000.0,-3256075.0,-1216446.0,-265479.0,1799059.0,-11489.0,-11489.0,1787570,796789.0,2584359,3470527.0,6054886,,6054886,6054886,TCX,2011-12-31
651784,USD,2012,Q1,2012-05-11,2013-05-15,11555366.0,12238613.0,27537306.0,-20707343.0,6829963.0,-5347678.0,-3968088.0,-1113145.0,-266445.0,1482285.0,467831.0,-40969.0,1950116,562109.0,2512225,-848606.0,1663619,,1663619,1663619,TCX,2012-03-31
651784,USD,2012,Q2,2012-08-14,2013-08-09,11478115.0,12362358.0,28152614.0,-21525623.0,6626991.0,-5184258.0,-3814131.0,-1105575.0,-264552.0,1442733.0,-33602.0,-54513.0,1409131,-383838.0,1025293,-329295.0,695998,,695998,695998,TCX,2012-06-30
651784,USD,2012,Q3,2012-11-14,2013-11-13,11273670.0,12102857.0,29246069.0,-22798082.0,6447987.0,-4800621.0,-3523661.0,-1010949.0,-266011.0,1647366.0,-50228.0,-50228.0,1597138,615245.0,2212383,-577383.0,1635000,,1635000,1635000,TCX,2012-09-30
651784,USD,2012,Q4,2013-03-15,2015-03-11,11525714.0,12431117.0,29790912.0,-23486685.0,6304227.0,-5349068.0,-4006385.0,-1073151.0,-269532.0,955159.0,-47153.0,-47153.0,908006,-229609.0,678397,-248872.0,429525,,429525,429525,TCX,2012-12-31
651784,USD,2013,Q1,2013-05-15,2014-05-14,10082860.0,11077831.0,29985022.0,-23505094.0,6479928.0,-5949517.0,-4545718.0,-1133830.0,-269969.0,530411.0,-99362.0,-99362.0,431049,-234638.0,196411,-119832.0,76579,,76579,76579,TCX,2013-03-31
651784,USD,2013,Q2,2013-08-09,2014-08-13,10080815.0,11069713.0,31173357.0,-24464580.0,6708777.0,-5667372.0,-4645283.0,-748137.0,-273952.0,1041405.0,-93428.0,-93428.0,947977,-146639.0,801338,-213708.0,587630,,587630,587630,TCX,2013-06-30
651784,USD,2013,Q3,2013-11-13,2014-11-12,10795896.0,11409975.0,35637085.0,-25637664.0,9999421.0,-6355416.0,-4868087.0,-1215327.0,-272002.0,3644005.0,-78966.0,-78966.0,3565039,28068.0,3593107,-999747.0,2593360,,2593360,2593360,TCX,2013-09-30
651784,USD,2013,Q4,2014-03-18,2016-03-09,10913429.0,11568117.0,33139440.0,-24900685.0,8238755.0,-6942807.0,-5605854.0,-1061309.0,-275644.0,1295948.0,-83101.0,-83101.0,1212847,-3900.0,1208947,-286052.0,922895,,922895,922895,TCX,2013-12-31
651784,USD,2014,Q1,2014-05-14,2015-05-08,11028559.0,11639617.0,34402394.0,-25643257.0,8759137.0,-7154806.0,-5789574.0,-1089898.0,-275334.0,1604331.0,-73833.0,-73833.0,1530498,-802059.0,728439,-251600.0,476839,,476839,476839,TCX,2014-03-31
651784,USD,2014,Q2,2014-08-13,2015-08-10,11219101.0,11729547.0,35588001.0,-26054664.0,9533337.0,-7027860.0,-5648760.0,-1107532.0,-271568.0,2505477.0,-69348.0,-69348.0,2436129,-423002.0,2013127,-665945.0,1347182,,1347182,1347182,TCX,2014-06-30
651784,USD,2014,Q3,2014-11-12,2015-11-06,11321175.0,11787749.0,38874183.0,-27297409.0,11576774.0,-7528163.0,-6321112.0,-1041136.0,-165915.0,4048611.0,-63498.0,-63498.0,3985113,-150227.0,3834886,-1143981.0,2690905,,2690905,2690905,TCX,2014-09-30
651784,USD,2014,Q4,2015-03-11,2017-03-08,11314661.0,11764679.0,37644132.0,-28119977.0,9524155.0,-7112614.0,-5935230.0,-1067149.0,-110235.0,2411541.0,-51.0,-51.0,2411490,440383.0,2851873,-992703.0,1859170,,1859170,1859170,TCX,2014-12-31
651784,USD,2015,Q1,2015-05-08,2016-05-10,11142628.0,11580047.0,40467833.0,-28247036.0,12220797.0,-7493869.0,-6267197.0,-1114195.0,-112477.0,4726928.0,-24775.0,-24775.0,4702153,-316517.0,4385636,-1551693.0,2833943,,2833943,2833943,TCX,2015-03-31
651784,USD,2015,Q2,2015-08-10,2016-08-08,11047136.0,11456670.0,42889220.0,-30036971.0,12852249.0,-8906724.0,-7598429.0,-1189276.0,-119019.0,3945525.0,-57402.0,-57402.0,3888123,-63032.0,3825091,-1540096.0,2284995,,2284995,2284995,TCX,2015-06-30
651784,USD,2015,Q3,2015-11-06,2016-11-08,10984869.0,11372682.0,44267645.0,-30475590.0,13792055.0,-8347951.0,-7125583.0,-1101581.0,-120787.0,5444104.0,-78959.0,-78959.0,5365145,-371288.0,4993857,-1834400.0,3159457,,3159457,3159457,TCX,2015-09-30
651784,USD,2015,Q4,2016-03-09,2018-03-06,10699367.0,11030937.0,44062081.0,-30869373.0,13192708.0,-8294139.0,-7065116.0,-1097793.0,-131230.0,4898569.0,87983.0,2111.0,4986552,-248179.0,4738373,-1643038.0,3095335,,3095335,3095335,TCX,2015-12-31
651784,USD,2016,Q1,2016-05-10,2017-05-10,10674036.0,10861582.0,44746089.0,-30397933.0,14348156.0,-8176608.0,-6869983.0,-1176360.0,-130265.0,6171548.0,82648.0,-46172.0,6254196,89772.0,6343968,-1905730.0,4438238,,4438238,4438238,TCX,2016-03-31
651784,USD,2016,Q2,2016-08-08,2017-08-09,10541659.0,10733860.0,47203913.0,-31559386.0,15644527.0,-9509217.0,-8156726.0,-998651.0,-353840.0,6135310.0,8292.0,-120528.0,6143602,4817.0,6148419,-2077633.0,4070786,,4070786,4070786,TCX,2016-06-30
651784,USD,2016,Q3,2016-11-08,2017-11-09,10432763.0,10619005.0,49064327.0,-32426455.0,16637872.0,-9373582.0,-7645662.0,-1270107.0,-457813.0,7264290.0,-5021.0,-135168.0,7259269,-25341.0,7233928,-2492649.0,4741279,,4741279,4741279,TCX,2016-09-30
651784,USD,2016,Q4,2017-03-08,2018-03-06,10450966.0,10639933.0,48804603.0,-32381524.0,16423079.0,-11003978.0,-9487174.0,-1049701.0,-467103.0,5419101.0,-19548.0,-147970.0,5399553,-12944.0,5386609,-2569758.0,2816851,,2816851,2816851,TCX,2016-12-31
651784,USD,2017,Q1,2017-05-10,2018-05-09,10474647.0,10776515.0,69568062.0,-52624417.0,16943645.0,-13917932.0,-10676665.0,-1694141.0,-1547126.0,3025713.0,-739096.0,-867993.0,2286617,34425.0,2321042,125449.0,2446491,,2446491,2446491,TCX,2017-03-31
651784,USD,2017,Q2,2017-08-09,2017-08-09,10528219.0,10793031.0,84223301.0,-62875941.0,21347360.0,-14305114.0,-10733835.0,-1798097.0,-1773182.0,7042246.0,-744548.0,-970029.0,6297698,26776.0,6324474,-1082990.0,5241484,,5241484,5241484,TCX,2017-06-30
651784,USD,2017,Q3,2017-11-09,2017-11-09,10564311.0,10785342.0,85008484.0,-64849930.0,20158554.0,-14241467.0,-10430759.0,-1910147.0,-1900561.0,5917087.0,-707029.0,-864482.0,5210058,52575.0,5262633,-1823367.0,3439266,,3439266,3439266,TCX,2017-09-30
651784,USD,2017,Q4,2018-03-06,2018-03-06,10582247.0,10819600.0,90620894.0,-64549824.0,26071070.0,-14961824.0,-11175626.0,-1855335.0,-1930863.0,11109246.0,-815827.0,-864652.0,10293419,-126800.0,10166619,1032734.0,11199353,,11199353,11199353,TCX,2017-12-31
651784,USD,2018,Q1,2018-05-09,2018-05-09,10588718.0,10792613.0,95795691.0,-73176482.0,22619209.0,-16923690.0,-12896199.0,-2094689.0,-1932802.0,5695519.0,-772002.0,-895962.0,4923517,3093.0,4926610,-1182918.0,3743692,,3743692,3743692,TCX,2018-03-31
651784,USD,2018,Q2,2018-08-08,2018-08-08,10597228.0,10803007.0,81087000.0,-58929000.0,22158000.0,-16392000.0,-12108000.0,-2355000.0,-1929000.0,5766000.0,-878000.0,-951000.0,4888000,-52000.0,4836000,-1228000.0,3608000,,3608000,3608000,TCX,2018-06-30
651784,USD,2018,Q3,2018-11-08,2018-11-08,10611579.0,10794297.0,83519000.0,-59258000.0,24261000.0,-16642000.0,-12532000.0,-2207000.0,-1903000.0,7619000.0,-930000.0,-914000.0,6689000,27000.0,6716000,-1370000.0,5346000,,5346000,5346000,TCX,2018-09-30
651784,USD,2018,Q4,2019-03-05,2019-03-05,10621363.0,10786763.0,85611309.0,-57879518.0,27731791.0,-17234310.0,-13236801.0,-2091311.0,-1906198.0,10497481.0,-588998.0,-926038.0,9908483,-232093.0,9676390,-5239082.0,4437308,,4437308,4437308,TCX,2018-12-31
651784,USD,2019,Q1,2019-05-08,2019-05-08,10634842.0,10835897.0,78953000.0,-56302000.0,22651000.0,-17702000.0,-13189000.0,-2523000.0,-1990000.0,4949000.0,-972000.0,-972000.0,3977000,79000.0,4056000,-1257000.0,2799000,,2799000,2799000,TCX,2019-03-31
651784,USD,2019,Q2,2019-08-07,2019-08-07,10657124.0,10840005.0,84117000.0,-59610000.0,24507000.0,-18789000.0,-13652000.0,-2752000.0,-2385000.0,5718000.0,-1314000.0,-1314000.0,4404000,31000.0,4435000,-1819000.0,2616000,,2616000,2616000,TCX,2019-06-30
651784,USD,2019,Q3,2019-11-06,2019-11-06,10626754.0,10745834.0,88129000.0,-60555000.0,27574000.0,-18880000.0,-13343000.0,-2876000.0,-2661000.0,8694000.0,-1263000.0,-1263000.0,7431000,-93000.0,7338000,-3133000.0,4205000,,4205000,4205000,TCX,2019-09-30
651784,USD,2019,Q4,2020-03-04,2020-03-04,10576476.0,10669512.0,85946000.0,-59901000.0,26045000.0,-16191000.0,-11966000.0,-1566000.0,-2659000.0,9854000.0,-1220000.0,-1220000.0,8634000,108000.0,8742000,-2964000.0,5778000,,5778000,5778000,TCX,2019-12-31
651784,USD,2020,Q1,2020-05-07,2021-05-06,10612230.0,10713678.0,83985000.0,-58835000.0,25150000.0,-19537000.0,-13726000.0,-2751000.0,-3060000.0,5613000.0,-1237000.0,-1150000.0,4376000,-441000.0,3935000,-1101000.0,2834000,,2834000,2834000,TCX,2020-03-31
