SimFinId,Currency,Fiscal Year,Fiscal Period,Publish Date,Restated Date,Shares (Basic),Shares (Diluted),Revenue,Cost of Revenue,Gross Profit,Operating Expenses,"Selling, General & Administrative",Research & Development,Depreciation & Amortization,Operating Income (Loss),Non-Operating Income (Loss),"Interest Expense, Net","Pretax Income (Loss), Adj.",Abnormal Gains (Losses),Pretax Income (Loss),"Income Tax (Expense) Benefit, Net",Income (Loss) from Continuing Operations,Net Extraordinary Gains (Losses),Net Income,Net Income (Common),Ticker,Report_Date
166196,USD,2011,Q4,2011-08-18,2013-08-16,2129000.0,30103000.0,61234000.0,-26517000.0,34717000.0,-28339000.0,-15215000.0,-12439000.0,-685000.0,6378000.0,256000.0,4000.0,6634000,-155000.0,6479000,-2280000.0,4199000,52000.0,4251000,4251000,MRCY,2011-06-30
166196,USD,2012,Q1,2011-11-04,2012-11-05,29277000.0,30033000.0,49122000.0,-19206000.0,29916000.0,-26326000.0,-13645000.0,-11865000.0,-816000.0,3590000.0,402000.0,-3000.0,3992000,-25000.0,3967000,-1314000.0,2653000,,2653000,2653000,MRCY,2011-09-30
166196,USD,2012,Q2,2012-02-08,2013-02-08,29457000.0,29969000.0,67959000.0,-27046000.0,40913000.0,-26835000.0,-14419000.0,-11724000.0,-692000.0,14078000.0,388000.0,-6000.0,14466000,-593000.0,13873000,-4828000.0,9045000,,9045000,9045000,MRCY,2011-12-31
166196,USD,2012,Q3,2012-05-03,2013-05-10,29562000.0,30168000.0,66989000.0,-31926000.0,35063000.0,-27812000.0,-15217000.0,-11452000.0,-1143000.0,7251000.0,519000.0,-5000.0,7770000,-145000.0,7625000,-2380000.0,5245000,,5245000,5245000,MRCY,2012-03-31
166196,USD,2012,Q4,2012-08-22,2014-08-14,29612000.0,30170000.0,53000000.0,-25084000.0,27916000.0,-24187000.0,-12344000.0,-10943000.0,-900000.0,3729000.0,350000.0,-13000.0,4079000,1770000.0,5849000,-469000.0,5380000,296000.0,5676000,5676000,MRCY,2012-06-30
166196,USD,2013,Q1,2012-11-05,2013-11-07,29883000.0,29883000.0,49428000.0,-29038000.0,20390000.0,-26360000.0,-14533000.0,-10039000.0,-1788000.0,-5970000.0,333000.0,-6000.0,-5637000,-5214000.0,-10851000,3651000.0,-7200000,,-7200000,-7200000,MRCY,2012-09-30
166196,USD,2013,Q2,2013-02-08,2014-02-06,30107000.0,30107000.0,49804000.0,-32232000.0,17572000.0,-24392000.0,-14574000.0,-7588000.0,-2230000.0,-6820000.0,103000.0,-13000.0,-6717000,-259000.0,-6976000,2192000.0,-4784000,,-4784000,-4784000,MRCY,2012-12-31
166196,USD,2013,Q3,2013-05-10,2014-05-08,30235000.0,30410000.0,54123000.0,-31549000.0,22574000.0,-23777000.0,-13918000.0,-7503000.0,-2356000.0,-1203000.0,19000.0,-5000.0,-1184000,-260000.0,-1444000,2232000.0,788000,,788000,788000,MRCY,2013-03-31
166196,USD,2013,Q4,2013-08-16,2015-08-13,30287000.0,30112000.0,40876000.0,-23254000.0,17622000.0,-21061000.0,-11739000.0,-7474000.0,-1848000.0,-3439000.0,72000.0,-7000.0,-3367000,-1645000.0,-5012000,2426000.0,-2586000,574000.0,-2012000,-2012000,MRCY,2013-06-30
166196,USD,2014,Q1,2013-11-07,2014-11-06,30653000.0,30653000.0,50726000.0,-29164000.0,21562000.0,-25618000.0,-14321000.0,-9312000.0,-1985000.0,-4056000.0,418000.0,-14000.0,-3638000,15000.0,-3623000,1319000.0,-2304000,48000.0,-2256000,-2256000,MRCY,2013-09-30
166196,USD,2014,Q2,2014-02-06,2015-02-05,30988000.0,30988000.0,50932000.0,-26607000.0,24325000.0,-25889000.0,-13944000.0,-10142000.0,-1803000.0,-1564000.0,432000.0,-8000.0,-1132000,-97000.0,-1229000,442000.0,-787000,-258000.0,-1045000,-1045000,MRCY,2013-12-31
166196,USD,2014,Q3,2014-05-08,2015-05-07,31156000.0,31156000.0,53393000.0,-29017000.0,24376000.0,-22306000.0,-12363000.0,-8166000.0,-1777000.0,2070000.0,328000.0,-9000.0,2398000,-3477000.0,-1079000,809000.0,-270000,-308000.0,-578000,-578000,MRCY,2014-03-31
166196,USD,2014,Q4,2014-08-14,2016-08-16,31203000.0,31203000.0,53678000.0,-29197000.0,24481000.0,-22893000.0,-13057000.0,-8073000.0,-1763000.0,1588000.0,314000.0,-9000.0,1902000,-1884000.0,18000,-729000.0,-711000,-6835000.0,-7546000,-7546000,MRCY,2014-06-30
166196,USD,2015,Q1,2014-11-06,2015-11-05,31635000.0,32481000.0,54061000.0,-30062000.0,23999000.0,-22003000.0,-12290000.0,-7951000.0,-1762000.0,1996000.0,-11000.0,-5000.0,1985000,-1268000.0,717000,0.0,717000,-218000.0,499000,499000,MRCY,2014-09-30
166196,USD,2015,Q2,2015-02-05,2016-02-04,32052000.0,32686000.0,57089000.0,-30054000.0,27035000.0,-22334000.0,-12677000.0,-7895000.0,-1762000.0,4701000.0,394000.0,-4000.0,5095000,-1162000.0,3933000,-1047000.0,2886000,-2621000.0,265000,265000,MRCY,2014-12-31
166196,USD,2015,Q3,2015-05-07,2016-05-05,32298000.0,33233000.0,59578000.0,-31660000.0,27918000.0,-21701000.0,-11842000.0,-8115000.0,-1744000.0,6217000.0,6000.0,-1000.0,6223000,-60000.0,6163000,-1469000.0,4694000,-1019000.0,3675000,3675000,MRCY,2015-03-31
166196,USD,2015,Q4,2015-08-13,2017-08-18,32471000.0,33356000.0,64119000.0,-28871000.0,35248000.0,-26515000.0,-12201000.0,-12574000.0,-1740000.0,8733000.0,51000.0,-3000.0,8784000,-802000.0,7982000,-1850000.0,6132000,-202000.0,5930000,5930000,MRCY,2015-06-30
166196,USD,2016,Q1,2015-11-05,2016-11-03,32778000.0,33616000.0,58409000.0,-30107000.0,28302000.0,-22705000.0,-12126000.0,-8866000.0,-1713000.0,5597000.0,93000.0,22000.0,5690000,-2466000.0,3224000,-368000.0,2856000,,2856000,2856000,MRCY,2015-09-30
166196,USD,2016,Q2,2016-02-04,2017-02-09,33120000.0,33831000.0,60417000.0,-30678000.0,29739000.0,-23066000.0,-12583000.0,-8845000.0,-1638000.0,6673000.0,104000.0,21000.0,6777000,-304000.0,6473000,-1433000.0,5040000,,5040000,5040000,MRCY,2015-12-31
166196,USD,2016,Q3,2016-05-05,2017-05-04,33251000.0,33991000.0,65898000.0,-34496000.0,31402000.0,-22621000.0,-12687000.0,-8180000.0,-1754000.0,8781000.0,180000.0,36000.0,8961000,-1962000.0,6999000,-2642000.0,4357000,,4357000,4357000,MRCY,2016-03-31
166196,USD,2016,Q4,2016-08-16,2017-08-18,37815000.0,38950000.0,85430000.0,-47254000.0,38176000.0,-29790000.0,-15556000.0,-10497000.0,-3737000.0,8386000.0,936000.0,-1120000.0,9322000,-732000.0,8590000,-1101000.0,7489000,0.0,7489000,7489000,MRCY,2016-06-30
166196,USD,2017,Q1,2016-11-03,2017-11-02,38865000.0,39865000.0,87649000.0,-48205000.0,39444000.0,-34984000.0,-17544000.0,-12838000.0,-4602000.0,4460000.0,-1182000.0,-1782000.0,3278000,-718000.0,2560000,1259000.0,3819000,,3819000,3819000,MRCY,2016-09-30
166196,USD,2017,Q2,2017-02-09,2017-02-09,39151000.0,39985000.0,98014000.0,-50625000.0,47389000.0,-37364000.0,-19320000.0,-13156000.0,-4888000.0,10025000.0,-1975000.0,-1888000.0,8050000,-1067000.0,6983000,-1779000.0,5204000,,5204000,5204000,MRCY,2016-12-31
166196,USD,2017,Q3,2017-05-04,2017-05-04,43773000.0,44814000.0,107317000.0,-56534000.0,50783000.0,-38159000.0,-19229000.0,-14198000.0,-4732000.0,12624000.0,-1477000.0,-1756000.0,11147000,-929000.0,10218000,-3170000.0,7048000,,7048000,7048000,MRCY,2017-03-31
166196,USD,2017,Q4,2017-08-18,2017-08-18,46155000.0,47408000.0,115608000.0,-61681000.0,53927000.0,-39750000.0,-20398000.0,-13894000.0,-5458000.0,14177000.0,-1701000.0,-1680000.0,12476000,-1169000.0,11307000,-2503000.0,8804000,0.0,8804000,8804000,MRCY,2017-06-30
166196,USD,2018,Q1,2017-11-02,2017-11-02,46504000.0,47489000.0,106069000.0,-55395000.0,50674000.0,-39947000.0,-20568000.0,-13742000.0,-5637000.0,10727000.0,-799000.0,16000.0,9928000,-356000.0,9572000,8381000.0,17953000,,17953000,17953000,MRCY,2017-09-30
166196,USD,2018,Q2,2018-02-02,2018-02-02,46752000.0,47447000.0,117912000.0,-63752000.0,54160000.0,-42236000.0,-21222000.0,-15187000.0,-5827000.0,11924000.0,-420000.0,-104000.0,11504000,-1036000.0,10468000,-1335000.0,9133000,,9133000,9133000,MRCY,2017-12-31
166196,USD,2018,Q3,2018-05-03,2018-05-03,46844000.0,47532000.0,116336000.0,-63570000.0,52766000.0,-43263000.0,-21138000.0,-15021000.0,-7104000.0,9503000.0,-933000.0,-999000.0,8570000,-2665000.0,5905000,-2209000.0,3696000,,3696000,3696000,MRCY,2018-03-31
166196,USD,2018,Q4,2018-08-16,2018-08-16,46776000.0,47416000.0,152867000.0,-84609000.0,68258000.0,-47730000.0,-25437000.0,-14857000.0,-7436000.0,20528000.0,-2260000.0,-1731000.0,18268000,-1640000.0,16628000,-6527000.0,10101000,,10101000,10101000,MRCY,2018-06-30
166196,USD,2019,Q1,2018-11-08,2018-11-08,47048000.0,47697000.0,144056000.0,-82473000.0,61583000.0,-46870000.0,-24741000.0,-14948000.0,-7181000.0,14713000.0,-3202000.0,-2193000.0,11511000,-903000.0,10608000,-3129000.0,7479000,,7479000,7479000,MRCY,2018-09-30
166196,USD,2019,Q2,2019-02-07,2019-02-07,47189000.0,47705000.0,159089000.0,-88202000.0,70887000.0,-50950000.0,-27819000.0,-16192000.0,-6939000.0,19937000.0,-2995000.0,-2125000.0,16942000,-76000.0,16866000,-4483000.0,12383000,,12383000,12383000,MRCY,2018-12-31
166196,USD,2019,Q3,2019-05-09,2019-05-09,47258000.0,47958000.0,174636000.0,-100789000.0,73847000.0,-51636000.0,-27411000.0,-17439000.0,-6786000.0,22211000.0,-2596000.0,-2268000.0,19615000,-149000.0,19466000,-5357000.0,14109000,,14109000,14109000,MRCY,2019-03-31
166196,USD,2019,Q4,2019-08-15,2019-08-15,49829000.0,50640000.0,176963000.0,-97124000.0,79839000.0,-58100000.0,-30746000.0,-20346000.0,-7008000.0,21739000.0,-8264000.0,-1591000.0,13475000,-888000.0,12587000,217000.0,12804000,,12804000,12804000,MRCY,2019-06-30
166196,USD,2020,Q1,2019-11-05,2019-11-05,54388000.0,55078000.0,177304000.0,-98904000.0,78400000.0,-58859000.0,-29970000.0,-21870000.0,-7019000.0,19541000.0,-247000.0,1187000.0,19294000,-2065000.0,17229000,2018000.0,19247000,,19247000,19247000,MRCY,2019-09-30
166196,USD,2020,Q2,2020-02-04,2021-02-09,54548000.0,55001000.0,193913000.0,-105407000.0,88506000.0,-65456000.0,-32804000.0,-24660000.0,-7992000.0,23050000.0,-39000.0,312000.0,23011000,-2225000.0,20786000,-5110000.0,15676000,,15676000,15676000,MRCY,2019-12-31
166196,USD,2020,Q3,2020-05-05,2021-05-11,54604000.0,55127000.0,208016000.0,-114691000.0,93325000.0,-66806000.0,-33991000.0,-24967000.0,-7848000.0,26519000.0,2586000.0,400000.0,29105000,-177000.0,28928000,-5363000.0,23565000,,23565000,23565000,MRCY,2020-03-31
