SimFinId,Currency,Fiscal Year,Fiscal Period,Publish Date,Restated Date,Shares (Basic),Shares (Diluted),Revenue,Cost of Revenue,Gross Profit,Operating Expenses,"Selling, General & Administrative",Research & Development,Depreciation & Amortization,Operating Income (Loss),Non-Operating Income (Loss),"Interest Expense, Net","Pretax Income (Loss), Adj.",Abnormal Gains (Losses),Pretax Income (Loss),"Income Tax (Expense) Benefit, Net",Income (Loss) from Continuing Operations,Net Extraordinary Gains (Losses),Net Income,Net Income (Common),Ticker,Report_Date
504259,USD,2011,Q2,2011-07-29,2012-07-31,176600000.0,178600000.0,808100000.0,-27200000.0,780900000.0,-612000000.0,-28700000.0,-2300000.0,-186600000.0,168900000.0,-22500000.0,-22500000.0,146400000,1300000.0,147700000,-54200000.0,93500000,,92800000,92800000,QEP,2011-06-30
504259,USD,2011,Q3,2011-10-28,2012-10-30,176600000.0,178500000.0,879900000.0,-27000000.0,852900000.0,-669500000.0,-28700000.0,-2400000.0,-189000000.0,183400000.0,-23500000.0,-23500000.0,159900000,1600000.0,161500000,-59100000.0,102400000,,101500000,101500000,QEP,2011-09-30
504259,USD,2011,Q4,2012-02-24,2014-02-25,176600000.0,178200000.0,853300000.0,-27900000.0,825400000.0,-808900000.0,-34100000.0,-3000000.0,-199200000.0,16500000.0,-18400000.0,-18400000.0,-1900000,1000000.0,-900000,1600000.0,700000,,-300000,-300000,QEP,2011-12-31
504259,USD,2012,Q1,2012-04-26,2013-04-30,177400000.0,178500000.0,603200000.0,-23700000.0,579500000.0,-530000000.0,-36000000.0,-2000000.0,-199300000.0,49500000.0,-23000000.0,-23000000.0,26500000,218200000.0,244700000,-88700000.0,156000000,,155200000,155200000,QEP,2012-03-31
504259,USD,2012,Q2,2012-07-31,2013-07-31,177700000.0,177700000.0,499300000.0,-20600000.0,478700000.0,-534200000.0,-36800000.0,-2100000.0,-214400000.0,-55500000.0,-27300000.0,-27300000.0,-82800000,83100000.0,300000,-100000.0,200000,,-700000,-700000,QEP,2012-06-30
504259,USD,2012,Q3,2012-10-30,2013-11-05,177900000.0,177900000.0,542400000.0,-22100000.0,520300000.0,-532900000.0,-41700000.0,-2200000.0,-234600000.0,-12600000.0,-30200000.0,-30200000.0,-42800000,38400000.0,-4400000,2300000.0,-2100000,,-3100000,-3100000,QEP,2012-09-30
504259,USD,2012,Q4,2013-02-22,2015-02-25,178200000.0,180700000.0,426800000.0,58200000.0,485000000.0,-787600000.0,-133900000.0,-4900000.0,-201900000.0,-302600000.0,-30800000.0,-30800000.0,-333400000,93300000.0,-240100000,88400000.0,-151700000,125900000.0,-23100000,-23100000,QEP,2012-12-31
504259,USD,2013,Q1,2013-04-30,2014-05-07,177000000.0,177000000.0,696500000.0,-20600000.0,675900000.0,-611100000.0,-46000000.0,-5100000.0,-254200000.0,64800000.0,-37400000.0,-37400000.0,27400000,-33300000.0,-5900000,2200000.0,-3700000,,-4300000,-4300000,QEP,2013-03-31
504259,USD,2013,Q2,2013-07-31,2014-08-06,179300000.0,179500000.0,751000000.0,-23500000.0,727500000.0,-520200000.0,-40900000.0,-2600000.0,-249800000.0,207300000.0,-38300000.0,-38300000.0,169000000,115600000.0,284600000,-104800000.0,179800000,,178400000,178400000,QEP,2013-06-30
504259,USD,2013,Q3,2013-11-05,2014-11-05,179300000.0,179500000.0,719500000.0,-2100000.0,717400000.0,-634100000.0,-40700000.0,-1800000.0,-238400000.0,83300000.0,-35300000.0,-35300000.0,48000000,-27800000.0,20200000,-8100000.0,12100000,25200000.0,37300000,37300000,QEP,2013-09-30
504259,USD,2013,Q4,2014-02-25,2016-02-24,181200000.0,182000000.0,518100000.0,37800000.0,555900000.0,-708300000.0,-32800000.0,-2400000.0,-221400000.0,-152400000.0,-38900000.0,-38900000.0,-191300000,4600000.0,-186700000,50600000.0,-136100000,82100000.0,-52000000,-52000000,QEP,2013-12-31
504259,USD,2014,Q1,2014-05-07,2015-04-29,179700000.0,180000000.0,817500000.0,-1600000.0,815900000.0,-675100000.0,-45300000.0,-2200000.0,-225900000.0,140800000.0,-39000000.0,-39000000.0,101800000,-80900000.0,20900000,-8200000.0,12700000,27000000.0,39700000,39700000,QEP,2014-03-31
504259,USD,2014,Q2,2014-08-06,2014-08-06,180100000.0,180100000.0,936700000.0,-24800000.0,911900000.0,-921700000.0,-64200000.0,-1700000.0,-249700000.0,-9800000.0,-44900000.0,-44900000.0,-54700000,-86800000.0,-141500000,54200000.0,-87300000,,-92300000,-92300000,QEP,2014-06-30
504259,USD,2014,Q3,2014-11-05,2015-10-28,180100000.0,180600000.0,910000000.0,-1400000.0,908600000.0,-793500000.0,-49400000.0,-800000.0,-251400000.0,115100000.0,-37300000.0,-37300000.0,77800000,155800000.0,233600000,-79900000.0,153700000,17400000.0,171100000,171100000,QEP,2014-09-30
504259,USD,2014,Q4,2015-02-25,2017-02-22,179300000.0,178500000.0,629000000.0,21100000.0,650100000.0,-1743500000.0,-45500000.0,-5200000.0,-267700000.0,-1093400000.0,-35100000.0,-35100000.0,-1128500000,373500000.0,-755000000,266400000.0,-488600000,1149500000.0,665900000,665900000,QEP,2014-12-31
504259,USD,2015,Q1,2015-04-29,2016-04-27,176200000.0,176200000.0,468100000.0,-1700000.0,466400000.0,-595000000.0,-47400000.0,-1100000.0,-195400000.0,-128600000.0,-39400000.0,-39400000.0,-168000000,80900000.0,-87100000,31500000.0,-55600000,,-55600000,-55600000,QEP,2015-03-31
504259,USD,2015,Q2,2015-08-03,2016-07-27,176700000.0,176700000.0,574600000.0,-1400000.0,573200000.0,-589900000.0,-51300000.0,-800000.0,-215800000.0,-16700000.0,-32400000.0,-32400000.0,-49100000,-66000000.0,-115100000,38800000.0,-76300000,,-76300000,-76300000,QEP,2015-06-30
504259,USD,2015,Q3,2015-10-28,2016-10-26,176700000.0,176700000.0,507600000.0,-1300000.0,506300000.0,-594000000.0,-42000000.0,-800000.0,-238100000.0,-87700000.0,-36100000.0,-36100000.0,-123800000,153600000.0,29800000,-8700000.0,21100000,,21100000,21100000,QEP,2015-09-30
504259,USD,2015,Q4,2016-02-24,2018-02-28,176800000.0,176800000.0,468300000.0,-1400000.0,466900000.0,-598400000.0,-27300000.0,0.0,-231800000.0,-131500000.0,-47800000.0,-47800000.0,-179300000,108700000.0,-70600000,32000000.0,-38600000,,-38600000,-38600000,QEP,2015-12-31
504259,USD,2016,Q1,2016-04-27,2017-04-26,189700000.0,189700000.0,261300000.0,-1300000.0,260000000.0,-1639000000.0,-48500000.0,-300000.0,-240000000.0,-1379000000.0,-34600000.0,-34600000.0,-1413600000,50900000.0,-1362700000,498900000.0,-863800000,,-863800000,-863800000,QEP,2016-03-31
504259,USD,2016,Q2,2016-07-27,2017-07-26,217700000.0,217700000.0,333700000.0,-1600000.0,332100000.0,-424200000.0,-42900000.0,-400000.0,-209700000.0,-92100000.0,-37700000.0,-37700000.0,-129800000,-180500000.0,-310300000,113300000.0,-197000000,,-197000000,-197000000,QEP,2016-06-30
504259,USD,2016,Q3,2016-10-26,2017-10-25,239600000.0,239600000.0,382400000.0,-900000.0,381500000.0,-474600000.0,-66500000.0,-200000.0,-217800000.0,-93100000.0,-31300000.0,-31300000.0,-124400000,44500000.0,-79900000,29000000.0,-50900000,,-50900000,-50900000,QEP,2016-09-30
504259,USD,2016,Q4,2017-02-22,2018-02-28,239800000.0,239800000.0,399700000.0,-1200000.0,398500000.0,-435000000.0,-38600000.0,-800000.0,-203600000.0,-36500000.0,-15900000.0,-15900000.0,-52400000,-147900000.0,-200300000,67000000.0,-133300000,,-133300000,-133300000,QEP,2016-12-31
504259,USD,2017,Q1,2017-04-26,2018-04-25,240200000.0,240300000.0,420100000.0,-70200000.0,349900000.0,-355100000.0,-33600000.0,-400000.0,-191800000.0,-5200000.0,-33200000.0,-33200000.0,-38400000,160900000.0,122500000,-45600000.0,76900000,,76900000,76900000,QEP,2017-03-31
504259,USD,2017,Q2,2017-07-26,2018-07-25,240500000.0,240600000.0,383700000.0,-72200000.0,311500000.0,-312400000.0,-31300000.0,0.0,-191500000.0,-900000.0,-33100000.0,-33100000.0,-34000000,106700000.0,72700000,-27300000.0,45400000,,45400000,45400000,QEP,2017-06-30
504259,USD,2017,Q3,2017-10-25,2018-11-07,240700000.0,240700000.0,390100000.0,-60200000.0,329900000.0,-197800000.0,-43400000.0,-21300000.0,-176900000.0,132100000.0,-34300000.0,-34300000.0,97800000,-104300000.0,-6500000,3200000.0,-3300000,,-3300000,-3300000,QEP,2017-09-30
504259,USD,2017,Q4,2018-02-28,2018-07-25,241000000.0,240800000.0,429000000.0,195300000.0,624300000.0,-648800000.0,-45200000.0,-300000.0,-194300000.0,-24500000.0,-35600000.0,-35600000.0,-60100000,-171500000.0,-231600000,381900000.0,150300000,,150300000,150300000,QEP,2017-12-31
504259,USD,2018,Q1,2018-04-25,2018-04-25,240900000.0,240900000.0,428900000.0,-34000000.0,394900000.0,-373500000.0,-60100000.0,0.0,-196500000.0,21400000.0,-35700000.0,-35700000.0,-14300000,-53200000.0,-67500000,13900000.0,-53600000,,-53600000,-53600000,QEP,2018-03-31
504259,USD,2018,Q2,2018-07-25,2018-07-25,237000000.0,237000000.0,532400000.0,-31200000.0,501200000.0,-823000000.0,-55800000.0,-100000.0,-242200000.0,-321800000.0,-41300000.0,-41300000.0,-363100000,-79100000.0,-442200000,106200000.0,-336000000,,-336000000,-336000000,QEP,2018-06-30
504259,USD,2018,Q3,2018-11-07,2018-11-07,236900000.0,237000000.0,560800000.0,-28000000.0,532800000.0,-376000000.0,-48300000.0,0.0,-234900000.0,156800000.0,-39000000.0,-39000000.0,117800000,-108000000.0,9800000,-2500000.0,7300000,,7300000,7300000,QEP,2018-09-30
504259,USD,2018,Q4,2019-02-20,2019-02-20,236800000.0,236700000.0,410500000.0,77700000.0,488200000.0,-1487400000.0,-57500000.0,-200000.0,-183500000.0,-999200000.0,-43000000.0,-43000000.0,-1042200000,213100000.0,-829100000,199800000.0,-629300000,,-629300000,-629300000,QEP,2018-12-31
504259,USD,2019,Q1,2019-04-24,2019-04-24,237100000.0,237100000.0,280600000.0,-3800000.0,276800000.0,-281700000.0,-63300000.0,,-123300000.0,-4900000.0,-31200000.0,-31200000.0,-36100000,-192600000.0,-228700000,112000000.0,-116700000,,-116700000,-116700000,QEP,2019-03-31
504259,USD,2019,Q2,2019-08-07,2019-08-07,238000000.0,238000000.0,296200000.0,-3000000.0,293200000.0,-211000000.0,-31500000.0,0.0,-128000000.0,82200000.0,-32300000.0,-32300000.0,49900000,28600000.0,78500000,-29700000.0,48800000,,48800000,48800000,QEP,2019-06-30
504259,USD,2019,Q3,2019-10-23,2020-10-28,237900000.0,237900000.0,307500000.0,-3100000.0,304400000.0,-234300000.0,-29600000.0,,-144200000.0,70100000.0,-31899999.0,-31899999.0,38200001,69400000.0,107600001,-26600000.0,81000001,,81000001,81000001,QEP,2019-09-30
504259,USD,2019,Q4,2020-02-26,2020-02-26,237800000.0,237800000.0,321900000.0,-3300000.0,318600000.0,-259800000.0,-31400000.0,-100000.0,-144500000.0,58800000.0,-28000001.0,-28000001.0,30799999,-128500000.0,-97700001,-12700000.0,-110400001,,-110400001,-110400001,QEP,2019-12-31
504259,USD,2020,Q1,2020-04-29,2020-04-29,239100000.0,239100000.0,225800000.0,-2700000.0,223100000.0,-216800000.0,-15900000.0,,-142200000.0,6300000.0,-34200000.0,-34200000.0,-27900000,461600000.0,433700000,-66300000.0,367400000,,367400000,367400000,QEP,2020-03-31
