SimFinId,Currency,Fiscal Year,Fiscal Period,Publish Date,Restated Date,Shares (Basic),Shares (Diluted),Revenue,Cost of Revenue,Gross Profit,Operating Expenses,"Selling, General & Administrative",Research & Development,Depreciation & Amortization,Operating Income (Loss),Non-Operating Income (Loss),"Interest Expense, Net","Pretax Income (Loss), Adj.",Abnormal Gains (Losses),Pretax Income (Loss),"Income Tax (Expense) Benefit, Net",Income (Loss) from Continuing Operations,Net Extraordinary Gains (Losses),Net Income,Net Income (Common),Ticker,Report_Date
261549,USD,2009,Q2,2009-08-10,2010-08-06,425300000.0,425400000.0,5802000000.0,-3781000000.0,2021000000.0,-1201000000.0,-787000000.0,,-367000000.0,820000000.0,-173000000.0,-173000000.0,647000000,-127000000.0,520000000,-348000000.0,140000000,,136000000,136000000,IP,2009-06-30
261549,USD,2009,Q3,2009-11-06,2010-11-05,426100000.0,428700000.0,5919000000.0,-3758000000.0,2161000000.0,-1252000000.0,-826000000.0,,-378000000.0,909000000.0,-169000000.0,-169000000.0,740000000,-151000000.0,589000000,-212000000.0,377000000,,371000000,371000000,IP,2009-09-30
261549,USD,2009,Q4,2010-03-26,2012-02-27,426800000.0,434800000.0,5977000000.0,-3950000000.0,2027000000.0,-1241000000.0,-814000000.0,,-384000000.0,786000000.0,-163000000.0,-163000000.0,623000000,-1051000000.0,-428000000,321000000.0,-97000000,0.0,-101000000,-101000000,IP,2009-12-31
261549,USD,2010,Q1,2010-06-29,2011-05-06,428800000.0,428800000.0,5807000000.0,-4464000000.0,1343000000.0,-1154000000.0,-738000000.0,,-371000000.0,189000000.0,-149000000.0,-149000000.0,40000000,-215000000.0,-175000000,24000000.0,-153000000,0.0,-162000000,-162000000,IP,2010-03-31
261549,USD,2010,Q2,2010-08-06,2011-08-09,429600000.0,433400000.0,6121000000.0,-4490000000.0,1631000000.0,-1212000000.0,-802000000.0,,-363000000.0,419000000.0,-157000000.0,-157000000.0,262000000,-144000000.0,118000000,-25000000.0,100000000,0.0,93000000,93000000,IP,2010-06-30
261549,USD,2010,Q3,2010-11-05,2011-11-07,430100000.0,433800000.0,6720000000.0,-4758000000.0,1962000000.0,-1263000000.0,-843000000.0,,-362000000.0,699000000.0,-152000000.0,-152000000.0,547000000,0.0,547000000,-170000000.0,399000000,0.0,397000000,397000000,IP,2010-09-30
261549,USD,2010,Q4,2011-02-25,2013-02-26,430700000.0,440800000.0,6531000000.0,-4770000000.0,1761000000.0,-1267000000.0,-865000000.0,,-360000000.0,494000000.0,-150000000.0,-150000000.0,344000000,-12000000.0,332000000,-50000000.0,366000000,0.0,363000000,363000000,IP,2010-12-31
261549,USD,2011,Q1,2011-05-06,2012-05-07,430200000.0,433800000.0,6387000000.0,-4625000000.0,1762000000.0,-1205000000.0,-825000000.0,,-340000000.0,557000000.0,-136000000.0,-136000000.0,421000000,-53000000.0,368000000,-123000000.0,310000000,49000000.0,354000000,354000000,IP,2011-03-31
261549,USD,2011,Q2,2011-08-09,2012-08-07,428600000.0,430500000.0,6648000000.0,-4880000000.0,1768000000.0,-1219000000.0,-845000000.0,,-336000000.0,549000000.0,-137000000.0,-137000000.0,412000000,-119000000.0,293000000,-118000000.0,227000000,0.0,219000000,219000000,IP,2011-06-30
261549,USD,2011,Q3,2011-11-07,2012-11-07,432300000.0,435200000.0,6632000000.0,-4793000000.0,1839000000.0,-1197000000.0,-829000000.0,,-335000000.0,642000000.0,-130000000.0,-130000000.0,512000000,-131000000.0,381000000,84000000.0,465000000,0.0,468000000,468000000,IP,2011-09-30
261549,USD,2011,Q4,2012-02-27,2014-02-27,437700000.0,448500000.0,6367000000.0,-4662000000.0,1705000000.0,-1134000000.0,-778000000.0,,-321000000.0,571000000.0,-138000000.0,-138000000.0,433000000,-17000000.0,416000000,-154000000.0,285000000,0.0,281000000,281000000,IP,2011-12-31
261549,USD,2012,Q1,2012-05-15,2013-05-08,434100000.0,438600000.0,6655000000.0,-4984000000.0,1671000000.0,-1263000000.0,-860000000.0,,-362000000.0,408000000.0,-168000000.0,-168000000.0,240000000,-27000000.0,213000000,-70000000.0,187000000,5000000.0,188000000,188000000,IP,2012-03-31
261549,USD,2012,Q2,2012-08-07,2013-08-07,434800000.0,438200000.0,7077000000.0,-5270000000.0,1807000000.0,-1332000000.0,-922000000.0,,-366000000.0,475000000.0,-172000000.0,-172000000.0,303000000,-99000000.0,204000000,-57000000.0,121000000,16000000.0,134000000,134000000,IP,2012-06-30
261549,USD,2012,Q3,2012-11-07,2013-11-06,435100000.0,439800000.0,7026000000.0,-5140000000.0,1886000000.0,-1352000000.0,-930000000.0,,-383000000.0,534000000.0,-163000000.0,-163000000.0,371000000,-51000000.0,320000000,-130000000.0,224000000,14000000.0,237000000,237000000,IP,2012-09-30
261549,USD,2012,Q4,2013-02-26,2015-02-26,436800000.0,444200000.0,1094000000.0,107000000.0,1201000000.0,-829000000.0,-432000000.0,,-362000000.0,372000000.0,-168000000.0,-168000000.0,204000000,26000000.0,230000000,-49000000.0,190000000,42000000.0,235000000,235000000,IP,2012-12-31
261549,USD,2013,Q1,2013-05-08,2014-05-07,441500000.0,446100000.0,7090000000.0,-5220000000.0,1870000000.0,-1417000000.0,-989000000.0,,-379000000.0,453000000.0,-164000000.0,-164000000.0,289000000,-59000000.0,230000000,69000000.0,289000000,26000000.0,318000000,318000000,IP,2013-03-31
261549,USD,2013,Q2,2013-08-07,2014-08-06,444900000.0,448500000.0,7335000000.0,-5414000000.0,1921000000.0,-1407000000.0,-964000000.0,,-396000000.0,514000000.0,-168000000.0,-168000000.0,346000000,17000000.0,363000000,-94000000.0,233000000,24000000.0,259000000,259000000,IP,2013-06-30
261549,USD,2013,Q3,2013-11-06,2014-11-06,445900000.0,449700000.0,5975000000.0,-4048000000.0,1927000000.0,-1318000000.0,-875000000.0,,-397000000.0,609000000.0,-146000000.0,-146000000.0,463000000,-60000000.0,403000000,-38000000.0,381000000,-5000000.0,382000000,382000000,IP,2013-09-30
261549,USD,2013,Q4,2014-02-27,2016-02-25,440900000.0,448100000.0,3083000000.0,-1600000000.0,1483000000.0,-946000000.0,-551000000.0,,-359000000.0,537000000.0,-134000000.0,-134000000.0,403000000,-171000000.0,232000000,561000000.0,784000000,-354000000.0,436000000,436000000,IP,2013-12-31
261549,USD,2014,Q1,2014-05-07,2015-05-07,435600000.0,435600000.0,5724000000.0,-4034000000.0,1690000000.0,-1187000000.0,-794000000.0,,-347000000.0,503000000.0,-143000000.0,-143000000.0,360000000,-499000000.0,-139000000,80000000.0,-92000000,-7000000.0,-95000000,-95000000,IP,2014-03-31
261549,USD,2014,Q2,2014-08-06,2015-08-06,428900000.0,432100000.0,5899000000.0,-4060000000.0,1839000000.0,-1216000000.0,-813000000.0,,-355000000.0,623000000.0,-164000000.0,-164000000.0,459000000,-307000000.0,152000000,-22000000.0,171000000,-13000000.0,161000000,161000000,IP,2014-06-30
261549,USD,2014,Q3,2014-11-06,2015-11-05,425300000.0,428600000.0,6051000000.0,-4055000000.0,1996000000.0,-1262000000.0,-861000000.0,,-358000000.0,734000000.0,-158000000.0,-158000000.0,576000000,-24000000.0,552000000,-147000000.0,333000000,16000000.0,355000000,355000000,IP,2014-09-30
261549,USD,2014,Q4,2015-02-26,2017-02-22,421000000.0,431700000.0,5943000000.0,-4105000000.0,1838000000.0,-1235000000.0,-846000000.0,,-346000000.0,603000000.0,-142000000.0,-142000000.0,461000000,-154000000.0,307000000,-34000000.0,137000000,-9000000.0,134000000,134000000,IP,2014-12-31
261549,USD,2015,Q1,2015-05-07,2016-05-05,421200000.0,423700000.0,5517000000.0,-3844000000.0,1673000000.0,-1130000000.0,-763000000.0,,-323000000.0,543000000.0,-137000000.0,-137000000.0,406000000,0.0,406000000,-130000000.0,311000000,0.0,313000000,313000000,IP,2015-03-31
261549,USD,2015,Q2,2015-08-06,2016-08-05,420000000.0,421900000.0,5714000000.0,-3968000000.0,1746000000.0,-1142000000.0,-770000000.0,,-328000000.0,604000000.0,-144000000.0,-144000000.0,460000000,-194000000.0,266000000,-110000000.0,218000000,0.0,227000000,227000000,IP,2015-06-30
261549,USD,2015,Q3,2015-11-05,2016-11-03,415100000.0,417500000.0,5691000000.0,-3891000000.0,1800000000.0,-1119000000.0,-751000000.0,,-329000000.0,681000000.0,-141000000.0,-141000000.0,540000000,-211000000.0,329000000,-106000000.0,210000000,0.0,220000000,220000000,IP,2015-09-30
261549,USD,2015,Q4,2016-02-25,2018-02-22,413300000.0,419300000.0,3753000000.0,-2610000000.0,1143000000.0,-721000000.0,-503000000.0,,-187000000.0,422000000.0,-133000000.0,-133000000.0,289000000,-158000000.0,131000000,-71000000.0,93000000,85000000.0,178000000,178000000,IP,2015-12-31
261549,USD,2016,Q1,2016-05-05,2017-05-05,410800000.0,414000000.0,5110000000.0,-3611000000.0,1499000000.0,-1021000000.0,-696000000.0,,-284000000.0,478000000.0,-123000000.0,-123000000.0,355000000,-38000000.0,317000000,-41000000.0,339000000,-5000000.0,334000000,334000000,IP,2016-03-31
261549,USD,2016,Q2,2016-08-05,2017-08-04,411200000.0,414700000.0,5322000000.0,-4112000000.0,1210000000.0,-1067000000.0,-725000000.0,,-301000000.0,143000000.0,-129000000.0,-129000000.0,14000000,-28000000.0,-14000000,9000000.0,40000000,0.0,40000000,40000000,IP,2016-06-30
261549,USD,2016,Q3,2016-11-03,2017-11-03,411200000.0,415300000.0,5266000000.0,-3622000000.0,1644000000.0,-1088000000.0,-733000000.0,,-314000000.0,556000000.0,-132000000.0,-132000000.0,424000000,-51000000.0,373000000,-107000000.0,309000000,0.0,312000000,312000000,IP,2016-09-30
261549,USD,2016,Q4,2017-02-22,2018-02-22,411200000.0,418400000.0,3797000000.0,-2712000000.0,1085000000.0,-823000000.0,-567000000.0,,-225000000.0,262000000.0,-136000000.0,-136000000.0,126000000,-7000000.0,119000000,-54000000.0,112000000,107000000.0,218000000,218000000,IP,2016-12-31
261549,USD,2017,Q1,2017-05-05,2018-05-08,412100000.0,416000000.0,5132000000.0,-3638000000.0,1494000000.0,-1141000000.0,-741000000.0,,-320000000.0,353000000.0,-142000000.0,-142000000.0,211000000,6000000.0,217000000,-73000000.0,192000000,17000000.0,209000000,209000000,IP,2017-03-31
261549,USD,2017,Q2,2017-08-04,2017-08-04,412900000.0,416400000.0,5772000000.0,-4105000000.0,1667000000.0,-1212000000.0,-812000000.0,,-357000000.0,455000000.0,-137000000.0,-137000000.0,318000000,-347000000.0,-29000000,89000000.0,80000000,0.0,80000000,80000000,IP,2017-06-30
261549,USD,2017,Q3,2017-11-03,2017-11-03,412900000.0,417400000.0,5913000000.0,-4024000000.0,1889000000.0,-1234000000.0,-817000000.0,,-373000000.0,655000000.0,-152000000.0,-152000000.0,503000000,0.0,503000000,-153000000.0,395000000,0.0,395000000,395000000,IP,2017-09-30
261549,USD,2017,Q4,2018-02-22,2018-02-22,412900000.0,421000000.0,4926000000.0,-3533000000.0,1393000000.0,-1012000000.0,-717000000.0,,-293000000.0,381000000.0,-141000000.0,-141000000.0,240000000,-83000000.0,157000000,1222000000.0,1443000000,17000000.0,1460000000,1460000000,IP,2017-12-31
261549,USD,2018,Q1,2018-05-08,2018-05-08,413500000.0,418200000.0,5621000000.0,-3948000000.0,1673000000.0,-1160000000.0,-787000000.0,,-325000000.0,513000000.0,-135000000.0,-135000000.0,378000000,-22000000.0,356000000,-89000000.0,362000000,368000000.0,729000000,729000000,IP,2018-03-31
261549,USD,2018,Q2,2018-08-03,2018-08-03,413200000.0,417700000.0,5833000000.0,-3922000000.0,1911000000.0,-1262000000.0,-854000000.0,,-330000000.0,649000000.0,-133000000.0,-133000000.0,516000000,-26000000.0,490000000,-130000000.0,430000000,-23000000.0,405000000,405000000,IP,2018-06-30
261549,USD,2018,Q3,2018-11-02,2018-11-02,407400000.0,411400000.0,5901000000.0,-3887000000.0,2014000000.0,-1206000000.0,-802000000.0,,-335000000.0,808000000.0,-133000000.0,-133000000.0,675000000,-122000000.0,553000000,-83000000.0,562000000,0.0,562000000,562000000,IP,2018-09-30
261549,USD,2018,Q4,2019-02-20,2019-02-20,402300000.0,409500000.0,5951000000.0,-3798000000.0,2153000000.0,-1161000000.0,-847000000.0,,-338000000.0,992000000.0,-629000000.0,-135000000.0,363000000,19000000.0,382000000,-143000000.0,318000000,0.0,316000000,316000000,IP,2018-12-31
261549,USD,2019,Q1,2019-05-03,2019-05-03,400500000.0,403200000.0,5643000000.0,-3929000000.0,1714000000.0,-1160000000.0,-802000000.0,,-315000000.0,554000000.0,-143000000.0,-133000000.0,411000000,7000000.0,418000000,-106000000.0,426000000,0.0,424000000,424000000,IP,2019-03-31
261549,USD,2019,Q2,2019-07-31,2019-07-31,396100000.0,398200000.0,5667000000.0,-3901000000.0,1766000000.0,-1150000000.0,-786000000.0,,-321000000.0,616000000.0,-130000000.0,-122000000.0,486000000,-152000000.0,334000000,-128000000.0,286000000,0.0,292000000,292000000,IP,2019-06-30
261549,USD,2019,Q3,2019-11-01,2019-11-01,392600000.0,395400000.0,5568000000.0,-3772000000.0,1796000000.0,-1151000000.0,-782000000.0,,-327000000.0,645000000.0,-132000000.0,-123000000.0,513000000,-61000000.0,452000000,-137000000.0,342000000,0.0,344000000,344000000,IP,2019-09-30
261549,USD,2019,Q4,2020-02-19,2020-02-19,392000000.0,398400000.0,5498000000.0,-3666000000.0,1832000000.0,-1222000000.0,-837000000.0,,-343000000.0,610000000.0,-122000000.0,-113000000.0,488000000,-88000000.0,400000000,-263000000.0,166000000,0.0,165000000,165000000,IP,2019-12-31
261549,USD,2020,Q1,2020-05-01,2021-04-30,392600000.0,392600000.0,5352000000.0,-3746000000.0,1606000000.0,-1192000000.0,-825000000.0,,-323000000.0,414000000.0,-111000000.0,-117000000.0,303000000,-319000000.0,-16000000,-94000000.0,-141000000,,-141000000,-141000000,IP,2020-03-31
