SimFinId,Currency,Fiscal Year,Fiscal Period,Publish Date,Restated Date,Shares (Basic),Shares (Diluted),Revenue,Cost of Revenue,Gross Profit,Operating Expenses,"Selling, General & Administrative",Research & Development,Depreciation & Amortization,Operating Income (Loss),Non-Operating Income (Loss),"Interest Expense, Net","Pretax Income (Loss), Adj.",Abnormal Gains (Losses),Pretax Income (Loss),"Income Tax (Expense) Benefit, Net",Income (Loss) from Continuing Operations,Net Extraordinary Gains (Losses),Net Income,Net Income (Common),Ticker,Report_Date
446513,USD,2010,Q2,2010-08-06,2011-08-05,227082000.0,227082000.0,373986000.0,-45446000.0,328540000.0,-276358000.0,-169768000.0,,-78956000.0,57155000.0,-58366000.0,-58044000.0,-1211000,-23747000.0,-24958000,,-24958000,4318000.0,-19536000,-42391000,DRE,2010-06-30
446513,USD,2010,Q3,2010-11-05,2011-11-04,251866000.0,257383000.0,360650000.0,-47628000.0,313022000.0,-260855000.0,-133129000.0,,-94487000.0,52042000.0,-63121000.0,-61491000.0,-11079000,55486000.0,44407000,1126000.0,45533000,11902000.0,56442000,34064000,DRE,2010-09-30
446513,USD,2010,Q4,2011-02-25,2013-02-22,252579000.0,247062000.0,124709000.0,9544000.0,134253000.0,-126784000.0,-104591000.0,,-22025000.0,40214000.0,-12271000.0,-10705000.0,27943000,-1748000.0,26195000,0.0,26195000,-376000.0,25793000,9483000,DRE,2010-12-31
446513,USD,2011,Q1,2011-05-06,2012-05-04,252406000.0,258837000.0,337533000.0,-40699000.0,296834000.0,-252239000.0,-146861000.0,,-77822000.0,112451000.0,-53273000.0,-52124000.0,59178000,-589000.0,58589000,,58589000,6200000.0,63706000,47569000,DRE,2011-03-31
446513,USD,2011,Q2,2011-08-05,2012-08-03,252640000.0,252640000.0,315371000.0,-32712000.0,282659000.0,-241034000.0,-131510000.0,,-83351000.0,42117000.0,-54270000.0,-53814000.0,-12153000,-594000.0,-12747000,,-12747000,-1111000.0,-13068000,-29042000,DRE,2011-06-30
446513,USD,2011,Q3,2011-11-04,2012-11-02,252802000.0,252802000.0,312289000.0,-35105000.0,277184000.0,-237523000.0,-130040000.0,,-81068000.0,38224000.0,-53511000.0,-54528000.0,-15287000,-342000.0,-15629000,194000.0,-15435000,566000.0,-14044000,-32076000,DRE,2011-09-30
446513,USD,2011,Q4,2012-02-24,2014-02-21,252928000.0,274113000.0,242845000.0,-21201000.0,221644000.0,-194764000.0,-115176000.0,,-62829000.0,28518000.0,-49427000.0,-46304000.0,-20909000,-12594000.0,-33503000,0.0,-33503000,93750000.0,58971000,44965000,DRE,2011-12-31
446513,USD,2012,Q1,2012-05-04,2013-05-03,258365000.0,258365000.0,265661000.0,-35758000.0,229903000.0,-191964000.0,-75760000.0,,-88090000.0,37662000.0,-59942000.0,-59299000.0,-22280000,-580000.0,-22860000,,-22860000,4750000.0,-17467000,-36390000,DRE,2012-03-31
446513,USD,2012,Q2,2012-08-03,2013-08-02,266748000.0,266748000.0,260820000.0,-33099000.0,227721000.0,-185596000.0,-69473000.0,,-88667000.0,42244000.0,-60949000.0,-59146000.0,-18705000,-1029000.0,-19734000,,-19734000,2006000.0,-17400000,-28482000,DRE,2012-06-30
446513,USD,2012,Q3,2012-11-02,2013-11-01,270289000.0,270289000.0,293258000.0,-37187000.0,256071000.0,-214288000.0,-96653000.0,,-90202000.0,42186000.0,-58522000.0,-58812000.0,-16336000,-954000.0,-17290000,103000.0,-17187000,-362000.0,-17149000,-28230000,DRE,2012-09-30
446513,USD,2012,Q4,2013-02-22,2015-02-20,276198000.0,276198000.0,225340000.0,-31585000.0,193755000.0,-164418000.0,-59408000.0,,-81309000.0,29436000.0,-53645000.0,-52160000.0,-24209000,-1629000.0,-25838000,0.0,-25838000,3357000.0,-21961000,-33043000,DRE,2012-12-31
446513,USD,2013,Q1,2013-05-03,2014-05-02,314936000.0,319571000.0,257283000.0,-38861000.0,218422000.0,-173587000.0,-51486000.0,,-92993000.0,45003000.0,-9848000.0,-57181000.0,35155000,643000.0,35798000,0.0,35798000,8325000.0,43525000,28043000,DRE,2013-03-31
446513,USD,2013,Q2,2013-08-02,2014-08-01,322489000.0,327098000.0,266101000.0,-37431000.0,228670000.0,-179825000.0,-54899000.0,,-95322000.0,49785000.0,-57538000.0,-57019000.0,-7753000,-6200000.0,-13953000,0.0,-13953000,83785000.0,68849000,61494000,DRE,2013-06-30
446513,USD,2013,Q3,2013-11-01,2014-10-31,324895000.0,324895000.0,284462000.0,-41159000.0,243303000.0,-200436000.0,-69765000.0,,-101191000.0,46232000.0,-58608000.0,-56618000.0,-12376000,-726000.0,-13102000,4500000.0,-8602000,9939000.0,1289000,-6067000,DRE,2013-09-30
446513,USD,2013,Q4,2014-02-21,2016-02-19,326212000.0,335284000.0,160914000.0,-10233000.0,150681000.0,-139058000.0,-50356000.0,,-63950000.0,75876000.0,-20177000.0,-31356000.0,55699000,-10020000.0,45679000,580000.0,46259000,34998000.0,76929000,69574000,DRE,2013-12-31
446513,USD,2014,Q1,2014-05-02,2015-05-01,327106000.0,331716000.0,264466000.0,-42041000.0,222425000.0,-181682000.0,-61965000.0,,-88298000.0,56748000.0,-46589000.0,-49261000.0,10159000,-14000.0,10145000,-2674000.0,7471000,18100000.0,25237000,18683000,DRE,2014-03-31
446513,USD,2014,Q2,2014-08-01,2015-08-05,331753000.0,336414000.0,274292000.0,-32221000.0,242071000.0,-193361000.0,-74222000.0,,-88500000.0,122917000.0,9607000.0,-51448000.0,132524000,-3409000.0,129115000,-364000.0,128751000,7776000.0,134734000,127688000,DRE,2014-06-30
446513,USD,2014,Q3,2014-10-31,2015-11-04,341165000.0,345826000.0,261806000.0,-29829000.0,231977000.0,-180203000.0,-63101000.0,,-85772000.0,102084000.0,-27887000.0,-47421000.0,74197000,-6478000.0,67719000,442000.0,68161000,3396000.0,70801000,61533000,DRE,2014-09-30
446513,USD,2014,Q4,2015-02-20,2017-02-17,343084000.0,347828000.0,246287000.0,-32187000.0,214100000.0,-162626000.0,-50105000.0,,-83705000.0,84108000.0,-35754000.0,-48056000.0,48354000,-40587000.0,7767000,3440000.0,11207000,1593000.0,12816000,-3011000,DRE,2014-12-31
446513,USD,2015,Q1,2015-05-01,2016-04-29,344597000.0,348653000.0,267435000.0,-36124000.0,231311000.0,-178266000.0,-64027000.0,,-81903000.0,81954000.0,-43026000.0,-49610000.0,38928000,-28000.0,38900000,-1484000.0,37416000,28553000.0,65244000,65244000,DRE,2015-03-31
446513,USD,2015,Q2,2015-08-05,2016-08-03,345098000.0,349161000.0,225897000.0,-30094000.0,195803000.0,-148612000.0,-40976000.0,,-78334000.0,171613000.0,-26478000.0,-42976000.0,145135000,-89428000.0,55707000,2288000.0,57995000,396170000.0,449380000,449380000,DRE,2015-06-30
446513,USD,2015,Q3,2015-11-04,2016-10-28,345256000.0,352150000.0,234537000.0,-30137000.0,204400000.0,-150101000.0,-41034000.0,,-79898000.0,127217000.0,-45360000.0,-41615000.0,81857000,-8022000.0,73835000,3305000.0,77140000,68000.0,76434000,76434000,DRE,2015-09-30
446513,USD,2015,Q4,2016-02-19,2018-02-16,345277000.0,358824000.0,64307000.0,2933000.0,67240000.0,-48172000.0,-31698000.0,,-5629000.0,57575000.0,-22031000.0,-4057000.0,35544000,-19666000.0,15878000,-181000.0,15697000,8822000.0,24252000,24252000,DRE,2015-12-31
446513,USD,2016,Q1,2016-04-29,2017-04-28,345665000.0,349674000.0,224954000.0,-29278000.0,195676000.0,-147680000.0,-39018000.0,,-77798000.0,63703000.0,-13347000.0,-37730000.0,50356000,-6408000.0,43948000,-343000.0,43605000,151000.0,43307000,43307000,DRE,2016-03-31
446513,USD,2016,Q2,2016-08-03,2017-08-02,347464000.0,354433000.0,183954000.0,-17017000.0,166937000.0,-120683000.0,-33812000.0,,-61136000.0,86275000.0,-1323000.0,-29511000.0,84952000,22544000.0,107496000,157000.0,107653000,2530000.0,109067000,109067000,DRE,2016-06-30
446513,USD,2016,Q3,2016-10-28,2017-10-27,351856000.0,358981000.0,181673000.0,-16933000.0,164740000.0,-118961000.0,-29716000.0,,-61820000.0,130078000.0,-12554000.0,-27283000.0,117524000,-9292000.0,108232000,359000.0,108591000,4568000.0,112014000,112014000,DRE,2016-09-30
446513,USD,2016,Q4,2017-02-17,2018-02-16,354783000.0,365216000.0,139930000.0,-11095000.0,128835000.0,-93891000.0,-33310000.0,,-41803000.0,66875000.0,-7796000.0,-18233000.0,59079000,-20923000.0,38156000,416000.0,38572000,9608000.0,47755000,47755000,DRE,2016-12-31
446513,USD,2017,Q1,2017-04-28,2018-05-04,355282000.0,360700000.0,181075000.0,-16237000.0,164838000.0,-116128000.0,-26856000.0,,-62023000.0,87261000.0,-18880000.0,-24162000.0,68381000,-834000.0,67547000,-2132000.0,65415000,5366000.0,70200000,70200000,DRE,2017-03-31
446513,USD,2017,Q2,2017-08-02,2018-07-27,355647000.0,361981000.0,189412000.0,-14506000.0,174906000.0,-128865000.0,-34232000.0,,-67013000.0,81661000.0,52520000.0,-21680000.0,134181000,-9561000.0,124620000,-5426000.0,119194000,1108573000.0,1210543000,1210543000,DRE,2017-06-30
446513,USD,2017,Q3,2017-10-27,2017-10-27,355905000.0,362102000.0,194828000.0,-16224000.0,178604000.0,-131073000.0,-34154000.0,,-67992000.0,75148000.0,-12590000.0,-20835000.0,62558000,-20190000.0,42368000,-359000.0,42009000,123618000.0,165269000,165269000,DRE,2017-09-30
446513,USD,2017,Q4,2018-02-16,2018-02-16,356214000.0,363261000.0,215619000.0,-17615000.0,198004000.0,-153414000.0,-49159000.0,,-76533000.0,65715000.0,-10015000.0,-20326000.0,55700000,0.0,55700000,8274000.0,63974000,126192000.0,188419000,188419000,DRE,2017-12-31
446513,USD,2018,Q1,2018-05-04,2018-05-04,356740000.0,360400000.0,234557000.0,-20396000.0,214161000.0,-170893000.0,-61432000.0,,-77529000.0,91103000.0,-7250000.0,-20000000.0,83853000,0.0,83853000,-10329000.0,73524000,124000.0,72963000,72963000,DRE,2018-03-31
446513,USD,2018,Q2,2018-07-27,2018-07-27,357054000.0,362741000.0,210558000.0,-16769000.0,193789000.0,-136877000.0,-28712000.0,,-75832000.0,207231000.0,-14266000.0,-20675000.0,192965000,-151000.0,192814000,-63000.0,192751000,2920000.0,193845000,193845000,DRE,2018-06-30
446513,USD,2018,Q3,2018-10-31,2018-10-31,357898000.0,361410000.0,231898000.0,-17704000.0,214194000.0,-153727000.0,-42689000.0,,-78855000.0,64275000.0,-11781000.0,-21462000.0,52494000,-89000.0,52405000,897000.0,53302000,221000.0,53025000,53025000,DRE,2018-09-30
446513,USD,2018,Q4,2019-02-22,2019-02-22,358584000.0,368637000.0,270857000.0,-16567000.0,254290000.0,-191347000.0,-77294000.0,,-80001000.0,76303000.0,-12923000.0,-22869000.0,63380000,-148000.0,63232000,667000.0,63899000,527000.0,63896000,63896000,DRE,2018-12-31
446513,USD,2019,Q1,2019-04-26,2019-04-26,359139000.0,362362000.0,264929000.0,-20668000.0,244261000.0,-187282000.0,-74569000.0,,-75992000.0,57566000.0,-14659000.0,-22132000.0,42907000,2246000.0,45153000,-385000.0,44768000,155000.0,44551000,44551000,DRE,2019-03-31
446513,USD,2019,Q2,2019-08-02,2019-08-02,359681000.0,362926000.0,237026000.0,-17597000.0,219429000.0,-156953000.0,-36609000.0,,-83004000.0,95018000.0,-16833000.0,-23510000.0,78185000,0.0,78185000,-6616000.0,71569000,99000.0,71053000,71053000,DRE,2019-06-30
446513,USD,2019,Q3,2019-11-01,2019-11-01,362416000.0,367271000.0,241329000.0,-19158000.0,222171000.0,-155020000.0,-37360000.0,,-83924000.0,244666000.0,-16783000.0,-22604000.0,227883000,0.0,227883000,536000.0,228419000,112000.0,226566000,226566000,DRE,2019-09-30
446513,USD,2019,Q4,2020-02-25,2020-02-25,367700000.0,376797000.0,230475000.0,-18161000.0,212314000.0,-147663000.0,-23917000.0,,-84303000.0,96105000.0,-134000.0,-21510000.0,95971000,-6307000.0,89664000,-2221000.0,87443000,79000.0,86802000,86802000,DRE,2019-12-31
446513,USD,2020,Q1,2020-05-01,2021-04-30,368190000.0,371870000.0,226369000.0,-18843000.0,207526000.0,-154054000.0,-28331000.0,,-85359000.0,62544000.0,-19560000.0,-23494000.0,42984000,-23432000.0,19552000,60000.0,19612000,48000.0,19456000,19456000,DRE,2020-03-31
