SimFinId,Currency,Fiscal Year,Fiscal Period,Publish Date,Restated Date,Shares (Basic),Shares (Diluted),Revenue,Cost of Revenue,Gross Profit,Operating Expenses,"Selling, General & Administrative",Research & Development,Depreciation & Amortization,Operating Income (Loss),Non-Operating Income (Loss),"Interest Expense, Net","Pretax Income (Loss), Adj.",Abnormal Gains (Losses),Pretax Income (Loss),"Income Tax (Expense) Benefit, Net",Income (Loss) from Continuing Operations,Net Extraordinary Gains (Losses),Net Income,Net Income (Common),Ticker,Report_Date
378200,USD,2010,Q4,2011-02-28,2013-02-25,203637000.0,205139000.0,1269144000.0,-553815000.0,715329000.0,-458226000.0,-419342000.0,-38884000.0,,257103000.0,-28711000.0,-28711000.0,228392000,-78922000.0,149470000,-58296000.0,91174000,-23556000.0,63024000,63024000,PBI,2010-12-31
378200,USD,2011,Q1,2011-05-05,2012-05-08,203690000.0,204195000.0,1323069000.0,-674200000.0,648869000.0,-461369000.0,-426611000.0,-34758000.0,,187500000.0,-27302000.0,-27302000.0,160198000,-26024000.0,134174000,-41394000.0,92780000,-1882000.0,86304000,86304000,PBI,2011-03-31
378200,USD,2011,Q2,2011-08-05,2012-08-03,203171000.0,204085000.0,1314474000.0,-653813000.0,660661000.0,-470156000.0,-432715000.0,-37441000.0,,190505000.0,-26335000.0,-26335000.0,164170000,-4994000.0,159176000,-53012000.0,106164000,-635000.0,100935000,100935000,PBI,2011-06-30
378200,USD,2011,Q3,2011-11-04,2012-11-02,201294000.0,202194000.0,1299724000.0,-641339000.0,658385000.0,-462985000.0,-427412000.0,-35573000.0,,195400000.0,-16949000.0,-27667000.0,178451000,-78606000.0,99845000,17087000.0,116932000,60428000.0,172767000,172767000,PBI,2011-09-30
378200,USD,2011,Q4,2012-02-23,2014-02-21,199749000.0,200590000.0,188074000.0,260369000.0,448443000.0,-322082000.0,-300699000.0,-21383000.0,,126361000.0,-19064000.0,-28264000.0,107297000,-9006000.0,98291000,41801000.0,140092000,121976000.0,257474000,257474000,PBI,2011-12-31
378200,USD,2012,Q1,2012-05-08,2013-05-03,199960000.0,200672000.0,1220136000.0,-595148000.0,624988000.0,-439559000.0,-405486000.0,-34073000.0,,185429000.0,-24400000.0,-27634000.0,161029000,,161029000,-15493000.0,145536000,17728000.0,158670000,158670000,PBI,2012-03-31
378200,USD,2012,Q2,2012-08-03,2013-08-01,200252000.0,201111000.0,1166357000.0,-558611000.0,607746000.0,-414467000.0,-380656000.0,-33811000.0,,193279000.0,-32722000.0,-28350000.0,160557000,585000.0,161142000,-53113000.0,108029000,-3812000.0,99623000,99623000,PBI,2012-06-30
378200,USD,2012,Q3,2012-11-02,2013-11-08,200593000.0,201602000.0,949789000.0,-400014000.0,549775000.0,-401161000.0,-370935000.0,-30226000.0,,148614000.0,-25484000.0,-25484000.0,123130000,0.0,123130000,-30590000.0,92540000,-11413000.0,76533000,76533000,PBI,2012-09-30
378200,USD,2012,Q4,2013-02-25,2015-02-20,200751000.0,202079000.0,487431000.0,-28625000.0,458806000.0,-348798000.0,-332658000.0,-16140000.0,,110008000.0,-25778000.0,-25778000.0,84230000,-17761000.0,66469000,-15091000.0,51378000,63553000.0,110337000,110337000,PBI,2012-12-31
378200,USD,2013,Q1,2013-05-03,2014-05-02,201148000.0,202210000.0,909363000.0,-392481000.0,516882000.0,-380905000.0,-351654000.0,-29251000.0,,135977000.0,-54112000.0,-28991000.0,81865000,0.0,81865000,-17795000.0,64070000,8030000.0,67506000,67506000,PBI,2013-03-31
378200,USD,2013,Q2,2013-08-01,2014-08-07,201567000.0,202803000.0,950662000.0,-411499000.0,539163000.0,-381254000.0,-353923000.0,-27331000.0,,157909000.0,-30045000.0,-30045000.0,127864000,-19031000.0,108833000,-24218000.0,84615000,-89254000.0,-9233000,-9233000,PBI,2013-06-30
378200,USD,2013,Q3,2013-11-08,2014-11-07,201827000.0,203140000.0,920489000.0,-394861000.0,525628000.0,-377068000.0,-352299000.0,-24769000.0,,148560000.0,-26051000.0,-26051000.0,122509000,-34909000.0,87600000,-10032000.0,77568000,-78501000.0,-5527000,-5527000,PBI,2013-09-30
378200,USD,2013,Q4,2014-02-21,2016-02-22,201914000.0,203675000.0,1010821000.0,-451781000.0,559040000.0,-391281000.0,-362220000.0,-29061000.0,,167759000.0,-31699000.0,-24181000.0,136060000,-30404000.0,105656000,-25922000.0,79734000,14948000.0,90089000,90089000,PBI,2013-12-31
378200,USD,2014,Q1,2014-05-02,2015-05-05,202339000.0,203885000.0,937497000.0,-409866000.0,527631000.0,-377567000.0,-351375000.0,-26192000.0,,150064000.0,-85721000.0,-24064000.0,64343000,-9841000.0,54502000,-8036000.0,46466000,2801000.0,44673000,44673000,PBI,2014-03-31
378200,USD,2014,Q2,2014-08-07,2015-08-05,202662000.0,204470000.0,958450000.0,-423159000.0,535291000.0,-367033000.0,-338384000.0,-28649000.0,,168258000.0,-21482000.0,-21482000.0,146776000,-8299000.0,138477000,-46335000.0,92142000,6717000.0,94265000,94265000,PBI,2014-06-30
378200,USD,2014,Q3,2014-11-07,2015-11-06,202057000.0,203969000.0,941644000.0,-421544000.0,520100000.0,-367798000.0,-341738000.0,-26060000.0,,152302000.0,-6239000.0,-22158000.0,146063000,-4526000.0,141537000,-25310000.0,116227000,20655000.0,132289000,132289000,PBI,2014-09-30
378200,USD,2014,Q4,2015-02-20,2017-02-22,200910000.0,203520000.0,983913000.0,-426222000.0,557691000.0,-375933000.0,-346903000.0,-29030000.0,,181758000.0,-23184000.0,-23184000.0,158574000,-61894000.0,96680000,-33134000.0,63546000,3576000.0,62528000,62528000,PBI,2014-12-31
378200,USD,2015,Q1,2015-05-05,2016-05-06,201337000.0,202679000.0,890681000.0,-390525000.0,500156000.0,-340577000.0,-314529000.0,-26048000.0,,159579000.0,-24064000.0,-24064000.0,135515000,81000.0,135596000,-50547000.0,85049000,157000.0,80612000,80612000,PBI,2015-03-31
378200,USD,2015,Q2,2015-08-05,2016-08-08,201712000.0,202840000.0,880891000.0,-385182000.0,495709000.0,-344070000.0,-315578000.0,-28492000.0,,151639000.0,72164000.0,-20971000.0,223803000,-14350000.0,209453000,-52351000.0,157102000,-739000.0,151770000,151770000,PBI,2015-06-30
378200,USD,2015,Q3,2015-11-06,2016-11-07,199874000.0,201017000.0,869541000.0,-376205000.0,493336000.0,-338364000.0,-309211000.0,-29153000.0,,154972000.0,-18384000.0,-20165000.0,136588000,-36000.0,136552000,-42676000.0,93876000,0.0,89282000,89282000,PBI,2015-09-30
378200,USD,2015,Q4,2016-02-22,2018-02-22,196417000.0,197244000.0,936947000.0,-406679000.0,530268000.0,-367106000.0,-340643000.0,-26463000.0,,163162000.0,-22461000.0,-22383000.0,140701000,-11477000.0,129224000,-44204000.0,85020000,5853000.0,86279000,86279000,PBI,2015-12-31
378200,USD,2016,Q1,2016-05-06,2017-05-03,192241000.0,193181000.0,844589000.0,-365241000.0,479348000.0,-353450000.0,-326882000.0,-26568000.0,,125898000.0,-19301000.0,-19301000.0,106597000,-6933000.0,99664000,-37024000.0,62640000,,58046000,58046000,PBI,2016-03-31
378200,USD,2016,Q2,2016-08-08,2017-08-02,187395000.0,188362000.0,835886000.0,-372144000.0,463742000.0,-323629000.0,-289116000.0,-34513000.0,,140113000.0,-20799000.0,-20799000.0,119314000,-26076000.0,93238000,-33394000.0,59844000,-1660000.0,53590000,53590000,PBI,2016-06-30
378200,USD,2016,Q3,2016-11-07,2017-11-02,185603000.0,186683000.0,839031000.0,-376987000.0,462044000.0,-329663000.0,-300983000.0,-28680000.0,,132381000.0,-22294000.0,-22294000.0,110087000,-16494000.0,93593000,-23197000.0,70396000,-291000.0,65512000,65512000,PBI,2016-09-30
378200,USD,2016,Q4,2017-02-22,2019-02-20,186541000.0,187674000.0,461817000.0,-114962000.0,346855000.0,-240736000.0,-223119000.0,-17617000.0,,106119000.0,-26576000.0,-26576000.0,79543000,-164249000.0,-84706000,-13360000.0,-98066000,18987000.0,-84343000,-84343000,PBI,2016-12-31
378200,USD,2017,Q1,2017-05-03,2018-05-04,185982000.0,186875000.0,836640000.0,-374174000.0,462466000.0,-336703000.0,-304847000.0,-31856000.0,,125763000.0,-25676000.0,-25676000.0,100087000,-3538000.0,96549000,-31416000.0,65133000,,65133000,65133000,PBI,2017-03-31
378200,USD,2017,Q2,2017-08-02,2017-08-02,186333000.0,187377000.0,821371000.0,-382565000.0,438806000.0,-330426000.0,-297468000.0,-32958000.0,,108380000.0,-27600000.0,-27600000.0,80780000,-26927000.0,53853000,-4952000.0,48901000,0.0,48901000,48901000,PBI,2017-06-30
378200,USD,2017,Q3,2017-11-02,2018-11-05,186497000.0,187757000.0,733273000.0,-328172000.0,405101000.0,-317409000.0,-288093000.0,-29316000.0,,87692000.0,-28601000.0,-28601000.0,59091000,-2826000.0,56265000,-10828000.0,45437000,11921000.0,57358000,57358000,PBI,2017-09-30
378200,USD,2017,Q4,2018-02-22,2019-02-20,186516000.0,187731000.0,731988000.0,-347849000.0,384139000.0,-305070000.0,-280497000.0,-24573000.0,,79069000.0,-35476000.0,-31620000.0,43593000,-28345000.0,15248000,46643000.0,61891000,28057000.0,89948000,89948000,PBI,2017-12-31
378200,USD,2018,Q1,2018-05-04,2019-05-03,186863000.0,188175000.0,896583000.0,-467801000.0,428782000.0,-327305000.0,-302810000.0,-24495000.0,,101477000.0,-32014000.0,-32014000.0,69463000,815000.0,70278000,-18795000.0,51483000,8487000.0,59970000,59970000,PBI,2018-03-31
378200,USD,2018,Q2,2018-08-02,2018-08-02,187180000.0,188114000.0,861436000.0,-455816000.0,405620000.0,-313529000.0,-282456000.0,-31073000.0,,92091000.0,-29623000.0,-29623000.0,62468000,-9004000.0,53464000,-6458000.0,47006000,1208000.0,48214000,48214000,PBI,2018-06-30
378200,USD,2018,Q3,2018-11-05,2018-11-05,187470000.0,188415000.0,832856000.0,-446753000.0,386103000.0,-302147000.0,-269387000.0,-32760000.0,,83956000.0,-33447000.0,-25483000.0,50509000,-5380000.0,45129000,1976000.0,47105000,29848000.0,76953000,76953000,PBI,2018-09-30
378200,USD,2018,Q4,2019-02-20,2021-02-19,187595000.0,188824000.0,620647000.0,-419904000.0,200743000.0,-118477000.0,-148282000.0,29805000.0,,82266000.0,-28261000.0,-28261000.0,54005000,-34755000.0,19250000,16861000.0,36111000,20563000.0,56674000,56674000,PBI,2018-12-31
378200,USD,2019,Q1,2019-05-03,2019-05-03,185971000.0,185971000.0,868402000.0,-490502000.0,377900000.0,-322756000.0,-300982000.0,-21774000.0,,55144000.0,-45312000.0,-27602000.0,9832000,-2960000.0,6872000,-8301000.0,-1429000,-1230000.0,-2659000,-2659000,PBI,2019-03-31
378200,USD,2019,Q2,2019-08-06,2019-08-06,177192000.0,178281000.0,860779000.0,-491574000.0,369205000.0,-301175000.0,-278545000.0,-22630000.0,,68030000.0,-27992000.0,-28019000.0,40038000,-5661000.0,34377000,-4099000.0,30278000,-6581000.0,23697000,23697000,PBI,2019-06-30
378200,USD,2019,Q3,2019-11-05,2019-11-05,170326000.0,171201000.0,790125000.0,-467805000.0,322320000.0,-266364000.0,-254092000.0,-12272000.0,,55956000.0,-29371000.0,-28704000.0,26585000,-46135000.0,-19550000,24895000.0,5345000,-8470000.0,-3125000,-3125000,PBI,2019-09-30
378200,USD,2019,Q4,2020-02-20,2020-02-20,171515000.0,174343000.0,685819000.0,-472258000.0,213561000.0,-164952000.0,-170370000.0,5418000.0,,48609000.0,-32541000.0,-26585000.0,16068000,-10625000.0,5443000,512000.0,5955000,170741000.0,176696000,176696000,PBI,2019-12-31
378200,USD,2020,Q1,2020-05-04,2021-05-06,170912000.0,170912000.0,796268000.0,-502891000.0,293377000.0,-260749000.0,-248633000.0,-12116000.0,,32628000.0,-59370000.0,-25883000.0,-26742000,-201835000.0,-228577000,10030000.0,-218547000,10064000.0,-208483000,-208483000,PBI,2020-03-31
