SimFinId,Currency,Fiscal Year,Fiscal Period,Publish Date,Restated Date,Shares (Basic),Shares (Diluted),Revenue,Cost of Revenue,Gross Profit,Operating Expenses,"Selling, General & Administrative",Research & Development,Depreciation & Amortization,Operating Income (Loss),Non-Operating Income (Loss),"Interest Expense, Net","Pretax Income (Loss), Adj.",Abnormal Gains (Losses),Pretax Income (Loss),"Income Tax (Expense) Benefit, Net",Income (Loss) from Continuing Operations,Net Extraordinary Gains (Losses),Net Income,Net Income (Common),Ticker,Report_Date
97841,USD,2010,Q2,2010-08-06,2011-08-04,3683595000.0,6363955000.0,699761000.0,-158220000.0,541541000.0,-414104000.0,-225726000.0,-11247000.0,-69230000.0,127437000.0,-76909000.0,-76424000.0,50528000,-33790000.0,16738000,-1466000.0,15272000,,15272000,15272000,SIRI,2010-06-30
97841,USD,2010,Q3,2010-11-04,2011-11-03,3689245000.0,6369831000.0,717548000.0,-166063000.0,551485000.0,-406149000.0,-211691000.0,-12526000.0,-67450000.0,145336000.0,-71756000.0,-72864000.0,73580000,-2523000.0,71057000,-3428000.0,67629000,,67629000,67629000,SIRI,2010-09-30
97841,USD,2010,Q4,2011-02-16,2013-02-06,3722299000.0,6495384000.0,735899000.0,-176856000.0,559043000.0,-427742000.0,-235972000.0,-10181000.0,-66746000.0,131301000.0,-69029000.0,-70592000.0,62272000,-145157000.0,-82885000,1441000.0,-81444000,,-81444000,-81444000,SIRI,2010-12-31
97841,USD,2011,Q1,2011-05-03,2012-05-01,3735136000.0,6481384000.0,723839000.0,-163760000.0,560079000.0,-395907000.0,-209443000.0,-11135000.0,-68400000.0,164172000.0,-78485000.0,-80102000.0,85687000,-5994000.0,79693000,-1572000.0,78121000,,78121000,78121000,SIRI,2011-03-31
97841,USD,2011,Q2,2011-08-04,2012-08-07,3744375000.0,6804297000.0,744397000.0,-156590000.0,587807000.0,-414825000.0,-217083000.0,-13939000.0,-67062000.0,172982000.0,4169000.0,3986000.0,177151000,-1212000.0,175939000,-2620000.0,173319000,,173319000,173319000,SIRI,2011-06-30
97841,USD,2011,Q3,2011-11-03,2012-11-01,3747381000.0,6507370000.0,762550000.0,-160317000.0,602233000.0,-417745000.0,-221124000.0,-14175000.0,-65403000.0,184488000.0,-74589000.0,-75024000.0,109899000,0.0,109899000,-5714000.0,104185000,,104185000,104185000,SIRI,2011-09-30
97841,USD,2011,Q4,2012-02-09,2014-02-04,3751532000.0,6210237000.0,783738000.0,-169283000.0,614455000.0,-459980000.0,-248343000.0,-14186000.0,-67015000.0,154475000.0,-78811000.0,-79828000.0,75664000,0.0,75664000,-4328000.0,71336000,,71336000,71336000,SIRI,2011-12-31
97841,USD,2012,Q1,2012-05-01,2013-04-30,3767443000.0,6537728000.0,804722000.0,-160198000.0,644524000.0,-445286000.0,-234368000.0,-12690000.0,-66117000.0,199238000.0,-78691000.0,-78113000.0,120547000,-9971000.0,110576000,-2802000.0,107774000,,107774000,107774000,SIRI,2012-03-31
97841,USD,2012,Q2,2012-08-07,2013-07-26,3765573000.0,6506159000.0,837543000.0,-158549000.0,678994000.0,-451052000.0,-242561000.0,-6272000.0,-66793000.0,227942000.0,-74671000.0,-74498000.0,153271000,-15650000.0,137621000,2996549000.0,3134170000,,3134170000,3134170000,SIRI,2012-06-30
97841,USD,2012,Q3,2012-11-01,2013-10-24,4034122000.0,6577654000.0,867360000.0,-172370000.0,694990000.0,-463241000.0,-241329000.0,-13507000.0,-66571000.0,231749000.0,-70243000.0,-70356000.0,161506000,-107105000.0,54401000,20113000.0,74514000,,74514000,74514000,SIRI,2012-09-30
97841,USD,2012,Q4,2013-02-06,2015-02-05,5269154000.0,7873603000.0,892415000.0,-187241000.0,705174000.0,-492078000.0,-267249000.0,-16374000.0,-66814000.0,213096000.0,-41226000.0,-41638000.0,171870000,0.0,171870000,-15626000.0,156244000,,156244000,156244000,SIRI,2012-12-31
97841,USD,2013,Q1,2013-04-30,2014-04-25,6259803000.0,6606276000.0,897398000.0,-181726000.0,715672000.0,-468741000.0,-238350000.0,-14842000.0,-67018000.0,246931000.0,-44289000.0,-44536000.0,202642000,0.0,202642000,-79040000.0,123602000,,123602000,123602000,SIRI,2013-03-31
97841,USD,2013,Q2,2013-07-26,2014-07-29,6354755000.0,6447517000.0,940110000.0,-175606000.0,764504000.0,-496768000.0,-258442000.0,-15052000.0,-67415000.0,267736000.0,-49178000.0,-49434000.0,218558000,-16377000.0,202181000,-76659000.0,125522000,,125522000,125522000,SIRI,2013-06-30
97841,USD,2013,Q3,2013-10-24,2014-10-28,6184216000.0,6287353000.0,961509000.0,-173837000.0,787672000.0,-503143000.0,-268976000.0,-13007000.0,-58533000.0,284529000.0,-52506000.0,-52913000.0,232023000,-107971000.0,124052000,-61158000.0,62894000,,62894000,62894000,SIRI,2013-09-30
97841,USD,2013,Q4,2014-02-04,2016-02-02,6111810000.0,6198018000.0,1000078000.0,-185679000.0,814399000.0,-569042000.0,-283001000.0,-15068000.0,-60348000.0,245357000.0,-50518000.0,-57788000.0,194839000,-86622000.0,108217000,-43020000.0,65197000,,65197000,65197000,SIRI,2013-12-31
97841,USD,2014,Q1,2014-04-25,2015-04-28,6094784000.0,6173848000.0,997711000.0,-195123000.0,802588000.0,-555181000.0,-275592000.0,-15911000.0,-68267000.0,247407000.0,-49648000.0,-49743000.0,197759000,-27023000.0,170736000,-76748000.0,93988000,,93988000,93988000,SIRI,2014-03-31
97841,USD,2014,Q2,2014-07-29,2015-07-28,5865032000.0,6210078000.0,1035345000.0,-192964000.0,842381000.0,-557803000.0,-274748000.0,-15630000.0,-67204000.0,284578000.0,-70332000.0,-68587000.0,214246000,-7463000.0,206783000,-86822000.0,119961000,,119961000,119961000,SIRI,2014-06-30
97841,USD,2014,Q3,2014-10-28,2015-10-22,5626078000.0,5974047000.0,1057087000.0,-199212000.0,857875000.0,-563847000.0,-278854000.0,-16136000.0,-64550000.0,294028000.0,-68814000.0,-75416000.0,225214000,0.0,225214000,-89044000.0,136170000,,136170000,136170000,SIRI,2014-09-30
97841,USD,2014,Q4,2015-02-05,2017-02-02,5569882000.0,5090107000.0,1090952000.0,-211009000.0,879943000.0,-586286000.0,-294688000.0,-15107000.0,-66402000.0,293657000.0,-65605000.0,-75264000.0,228052000,1000.0,228053000,-84931000.0,143122000,,143122000,143122000,SIRI,2014-12-31
97841,USD,2015,Q1,2015-04-28,2016-04-28,5570748000.0,5639838000.0,1080990000.0,-193392000.0,887598000.0,-573792000.0,-280827000.0,-14960000.0,-65027000.0,313806000.0,-69185000.0,-69908000.0,244621000,,244621000,-138929000.0,105692000,,105692000,105692000,SIRI,2015-03-31
97841,USD,2015,Q2,2015-07-28,2016-07-26,5443590000.0,5507601000.0,1123210000.0,-193946000.0,929264000.0,-709835000.0,-295134000.0,-16088000.0,-67096000.0,219429000.0,-71159000.0,-75380000.0,148270000,,148270000,-45421000.0,102849000,,102849000,102849000,SIRI,2015-06-30
97841,USD,2015,Q3,2015-10-22,2016-10-27,5297797000.0,5346438000.0,1169712000.0,-202188000.0,967524000.0,-615940000.0,-290784000.0,-16132000.0,-70404000.0,351584000.0,-72491000.0,-76624000.0,279093000,,279093000,-112543000.0,166550000,,166550000,166550000,SIRI,2015-09-30
97841,USD,2015,Q4,2016-02-02,2017-02-02,5190693000.0,5246787000.0,1196146000.0,-218806000.0,977340000.0,-683471000.0,-344844000.0,-17223000.0,-69687000.0,293869000.0,-73889000.0,-77191000.0,219980000,0.0,219980000,-85347000.0,134633000,,134633000,134633000,SIRI,2015-12-31
97841,USD,2016,Q1,2016-04-28,2017-04-27,5065319000.0,5110618000.0,1201010000.0,-215284000.0,985726000.0,-637492000.0,-298680000.0,-19441000.0,-67627000.0,348234000.0,-67552000.0,-78400000.0,280682000,,280682000,-108242000.0,172440000,,172440000,172440000,SIRI,2016-03-31
97841,USD,2016,Q2,2016-07-26,2017-07-27,4938820000.0,4988247000.0,1235566000.0,-221932000.0,1013634000.0,-651478000.0,-301492000.0,-18893000.0,-66708000.0,362156000.0,-80881000.0,-83396000.0,281275000,,281275000,-106310000.0,174965000,,174965000,174965000,SIRI,2016-06-30
97841,USD,2016,Q3,2016-10-27,2017-10-25,4870281000.0,4919829000.0,1277646000.0,-215836000.0,1061810000.0,-669631000.0,-309674000.0,-19254000.0,-67880000.0,392179000.0,-86722000.0,-89092000.0,305457000,0.0,305457000,-111556000.0,193901000,,193901000,193901000,SIRI,2016-09-30
97841,USD,2016,Q4,2017-02-02,2017-02-02,4793780000.0,4840218000.0,1302998000.0,-231760000.0,1071238000.0,-741678000.0,-330793000.0,-24558000.0,-66764000.0,329560000.0,-81085000.0,-80337000.0,248475000,-24229000.0,224246000,-19619000.0,204627000,,204627000,204627000,SIRI,2016-12-31
97841,USD,2017,Q1,2017-04-27,2017-04-27,4710340000.0,4784420000.0,1294066000.0,-219807000.0,1074259000.0,-680419000.0,-302598000.0,-23817000.0,-76704000.0,393840000.0,-72794000.0,-81657000.0,321046000,,321046000,-113973000.0,207073000,,207073000,207073000,SIRI,2017-03-31
97841,USD,2017,Q2,2017-07-27,2017-07-27,4652426000.0,4735592000.0,1347569000.0,-220553000.0,1127016000.0,-710663000.0,-316468000.0,-27783000.0,-73519000.0,416353000.0,-94731000.0,-82794000.0,321622000,,321622000,-119513000.0,202109000,,202109000,202109000,SIRI,2017-06-30
97841,USD,2017,Q3,2017-10-25,2017-10-25,4618368000.0,4704571000.0,1379596000.0,-222526000.0,1157070000.0,-723105000.0,-317261000.0,-29433000.0,-79913000.0,433965000.0,-5663000.0,-92634000.0,428302000,-43679000.0,384623000,-108901000.0,275722000,,275722000,275722000,SIRI,2017-09-30
97841,USD,2017,Q4,2018-01-31,2018-01-31,4569078000.0,4669557000.0,1403898000.0,-228773000.0,1175125000.0,-778419000.0,-334927000.0,-31394000.0,-68466000.0,396706000.0,-159788000.0,-88735000.0,236918000,0.0,236918000,-273914000.0,-36996000,,-36996000,-36996000,SIRI,2017-12-31
97841,USD,2018,Q1,2018-04-25,2018-04-25,4491362000.0,4586445000.0,1375102000.0,-224520000.0,1150582000.0,-726991000.0,-314010000.0,-30637000.0,-72212000.0,423591000.0,-53901000.0,-89789000.0,369690000,,369690000,-80249000.0,289441000,,289441000,289441000,SIRI,2018-03-31
97841,USD,2018,Q2,2018-07-25,2018-07-25,4481930000.0,4589095000.0,1432299000.0,-232384000.0,1199915000.0,-838288000.0,-331896000.0,-27485000.0,-74623000.0,361627000.0,1295000.0,-86917000.0,362922000,,362922000,-70570000.0,292352000,,292352000,292352000,SIRI,2018-06-30
97841,USD,2018,Q3,2018-10-24,2018-10-24,4473652000.0,4574487000.0,1467383000.0,-221720000.0,1245663000.0,-763106000.0,-313570000.0,-31011000.0,-75510000.0,482557000.0,-127984000.0,-86218000.0,354573000,0.0,354573000,-11525000.0,343048000,,343048000,343048000,SIRI,2018-09-30
97841,USD,2018,Q4,2019-01-30,2019-01-30,4400364000.0,4492853000.0,1496216000.0,-236376000.0,1259840000.0,-797615000.0,-348524000.0,-33867000.0,-78655000.0,462225000.0,-125410000.0,-87076000.0,336815000,-3000000.0,333815000,-82656000.0,251159000,,251159000,251159000,SIRI,2018-12-31
97841,USD,2019,Q1,2019-04-24,2019-04-24,4571000000.0,4678000000.0,1744000000.0,-256000000.0,1488000000.0,-1079000000.0,-426000000.0,-54000000.0,-107000000.0,409000000.0,-89000000.0,-90000000.0,320000000,-77000000.0,243000000,-81000000.0,162000000,,162000000,162000000,SIRI,2019-03-31
97841,USD,2019,Q2,2019-07-30,2019-07-30,4568000000.0,4675000000.0,1977000000.0,-282000000.0,1695000000.0,-1249000000.0,-456000000.0,-74000000.0,-119000000.0,446000000.0,-100000000.0,-97000000.0,346000000,-7000000.0,339000000,-76000000.0,263000000,,263000000,263000000,SIRI,2019-06-30
97841,USD,2019,Q3,2019-10-31,2019-10-31,4450000000.0,4564000000.0,2011000000.0,-289000000.0,1722000000.0,-1246000000.0,-458000000.0,-78000000.0,-118000000.0,476000000.0,-104000000.0,-104000000.0,372000000,-56000000.0,316000000,-70000000.0,246000000,,246000000,246000000,SIRI,2019-09-30
97841,USD,2019,Q4,2020-02-04,2020-02-04,4415000000.0,4547000000.0,2062000000.0,-309000000.0,1753000000.0,-1353000000.0,-548000000.0,-74000000.0,-124000000.0,400000000.0,-100000000.0,-99000000.0,300000000,-1000000.0,299000000,-56000000.0,243000000,,243000000,243000000,SIRI,2019-12-31
97841,USD,2020,Q1,2020-04-28,2021-04-28,4405000000.0,4515000000.0,1952000000.0,-850000000.0,1102000000.0,-535000000.0,-332000000.0,-71000000.0,-132000000.0,567000000.0,-95000000.0,-99000000.0,472000000,-99000000.0,373000000,-80000000.0,293000000,,293000000,293000000,SIRI,2020-03-31
