SimFinId,Currency,Fiscal Year,Fiscal Period,Publish Date,Restated Date,Shares (Basic),Shares (Diluted),Revenue,Cost of Revenue,Gross Profit,Operating Expenses,"Selling, General & Administrative",Research & Development,Depreciation & Amortization,Operating Income (Loss),Non-Operating Income (Loss),"Interest Expense, Net","Pretax Income (Loss), Adj.",Abnormal Gains (Losses),Pretax Income (Loss),"Income Tax (Expense) Benefit, Net",Income (Loss) from Continuing Operations,Net Extraordinary Gains (Losses),Net Income,Net Income (Common),Ticker,Report_Date
378224,USD,2010,Q2,2010-07-29,2011-08-08,140500000.0,142500000.0,5143000000.0,-4840000000.0,303000000.0,-150000000.0,-42000000.0,,-108000000.0,153000000.0,-37000000.0,-37000000.0,116000000,-9000000.0,107000000,-40000000.0,67000000,,67000000,67000000,ANDV,2010-06-30
378224,USD,2010,Q3,2010-11-05,2011-11-04,140900000.0,142000000.0,5320000000.0,-5022000000.0,298000000.0,-162000000.0,-56000000.0,,-106000000.0,136000000.0,-36000000.0,-40000000.0,100000000,-6000000.0,94000000,-38000000.0,56000000,,56000000,56000000,ANDV,2010-09-30
378224,USD,2010,Q4,2011-04-20,2013-02-22,141500000.0,138400000.0,5513000000.0,-5243000000.0,270000000.0,-185000000.0,-77000000.0,,-108000000.0,85000000.0,-55000000.0,-38000000.0,30000000,-17000000.0,13000000,-10000000.0,3000000,,3000000,3000000,ANDV,2010-12-31
378224,USD,2011,Q1,2011-05-09,2012-05-03,141600000.0,144000000.0,6526000000.0,-6106000000.0,420000000.0,-198000000.0,-95000000.0,,-103000000.0,222000000.0,-42000000.0,-42000000.0,180000000,-3000000.0,177000000,-70000000.0,107000000,,107000000,107000000,ANDV,2011-03-31
378224,USD,2011,Q2,2011-08-08,2012-08-02,142600000.0,144400000.0,7963000000.0,-7357000000.0,606000000.0,-133000000.0,-27000000.0,,-106000000.0,473000000.0,-60000000.0,-60000000.0,413000000,-56000000.0,357000000,-135000000.0,222000000,,218000000,218000000,ANDV,2011-06-30
378224,USD,2011,Q3,2012-02-22,2012-11-01,142500000.0,144100000.0,8101000000.0,-7354000000.0,747000000.0,-147000000.0,-44000000.0,,-103000000.0,600000000.0,-35000000.0,-38000000.0,565000000,-3000000.0,562000000,-210000000.0,352000000,,345000000,345000000,ANDV,2011-09-30
378224,USD,2011,Q4,2012-02-24,2014-02-24,138900000.0,140700000.0,4592000000.0,-4554000000.0,38000000.0,-140000000.0,-61000000.0,,-79000000.0,-102000000.0,-38000000.0,-37000000.0,-140000000,-4000000.0,-144000000,56000000.0,-88000000,-30000000.0,-124000000,-124000000,ANDV,2011-12-31
378224,USD,2012,Q1,2012-05-03,2013-05-03,139500000.0,141800000.0,7820000000.0,-7515000000.0,305000000.0,-165000000.0,-62000000.0,,-103000000.0,140000000.0,-35000000.0,-35000000.0,105000000,-6000000.0,99000000,-37000000.0,62000000,,56000000,56000000,ANDV,2012-03-31
378224,USD,2012,Q2,2012-08-02,2013-08-05,139600000.0,140500000.0,7333000000.0,-6536000000.0,797000000.0,-147000000.0,-45000000.0,,-102000000.0,650000000.0,-53000000.0,-34000000.0,597000000,-6000000.0,591000000,-222000000.0,369000000,24000000.0,387000000,387000000,ANDV,2012-06-30
378224,USD,2012,Q3,2012-11-01,2013-11-07,139600000.0,142100000.0,7944000000.0,-7226000000.0,718000000.0,-232000000.0,-123000000.0,,-109000000.0,486000000.0,-68000000.0,-65000000.0,418000000,-3000000.0,415000000,-149000000.0,266000000,14000000.0,273000000,273000000,ANDV,2012-09-30
378224,USD,2012,Q4,2013-02-22,2015-02-24,138900000.0,141600000.0,6712000000.0,-6173000000.0,539000000.0,-171000000.0,-67000000.0,,-104000000.0,368000000.0,-35000000.0,-31000000.0,333000000,-8000000.0,325000000,-119000000.0,206000000,-171000000.0,27000000,27000000,ANDV,2012-12-31
378224,USD,2013,Q1,2013-05-03,2014-05-02,137000000.0,139600000.0,7347000000.0,-6931000000.0,416000000.0,-216000000.0,-111000000.0,,-105000000.0,200000000.0,-30000000.0,-30000000.0,170000000,-7000000.0,163000000,-58000000.0,105000000,-1000000.0,93000000,93000000,ANDV,2013-03-31
378224,USD,2013,Q2,2013-08-05,2014-08-01,135800000.0,138200000.0,8897000000.0,-8350000000.0,547000000.0,-175000000.0,-64000000.0,,-111000000.0,372000000.0,23000000.0,-33000000.0,395000000,-8000000.0,387000000,-138000000.0,249000000,-11000000.0,227000000,227000000,ANDV,2013-06-30
378224,USD,2013,Q3,2013-11-07,2014-10-31,134600000.0,136800000.0,11241000000.0,-10897000000.0,344000000.0,-194000000.0,-54000000.0,,-140000000.0,150000000.0,-25000000.0,-47000000.0,125000000,-4000000.0,121000000,-47000000.0,74000000,35000000.0,99000000,99000000,ANDV,2013-09-30
378224,USD,2013,Q4,2014-02-24,2016-02-25,132600000.0,134600000.0,10116000000.0,-9818000000.0,298000000.0,-241000000.0,-108000000.0,,-133000000.0,57000000.0,-54000000.0,-39000000.0,3000000,6000000.0,9000000,-3000000.0,6000000,-3000000.0,-7000000,-7000000,ANDV,2013-12-31
378224,USD,2014,Q1,2014-05-02,2015-05-08,131300000.0,133800000.0,9933000000.0,-9539000000.0,394000000.0,-161000000.0,-31000000.0,,-130000000.0,233000000.0,-78000000.0,-77000000.0,155000000,5000000.0,160000000,-56000000.0,104000000,-1000000.0,78000000,78000000,ANDV,2014-03-31
378224,USD,2014,Q2,2014-08-01,2015-08-06,129300000.0,131500000.0,11104000000.0,-10465000000.0,639000000.0,-227000000.0,-92000000.0,,-135000000.0,412000000.0,-38000000.0,-41000000.0,374000000,-2000000.0,372000000,-132000000.0,240000000,0.0,224000000,224000000,ANDV,2014-06-30
378224,USD,2014,Q3,2014-10-31,2015-10-29,127900000.0,129700000.0,11151000000.0,-10218000000.0,933000000.0,-230000000.0,-86000000.0,,-144000000.0,703000000.0,-39000000.0,-50000000.0,664000000,-1000000.0,663000000,-249000000.0,414000000,-1000000.0,396000000,396000000,ANDV,2014-09-30
378224,USD,2014,Q4,2015-02-24,2017-02-21,125500000.0,128200000.0,8445000000.0,-7825000000.0,620000000.0,-290000000.0,-137000000.0,,-153000000.0,330000000.0,-23000000.0,-67000000.0,307000000,-38000000.0,269000000,-110000000.0,159000000,-27000000.0,145000000,145000000,ANDV,2014-12-31
378224,USD,2015,Q1,2015-05-08,2016-05-05,125200000.0,126900000.0,6463000000.0,-5884000000.0,579000000.0,-277000000.0,-98000000.0,,-179000000.0,302000000.0,-57000000.0,-55000000.0,245000000,39000000.0,284000000,-96000000.0,188000000,0.0,145000000,145000000,ANDV,2015-03-31
378224,USD,2015,Q2,2015-08-06,2016-08-04,125200000.0,126300000.0,8232000000.0,-6953000000.0,1279000000.0,-266000000.0,-84000000.0,,-182000000.0,1013000000.0,-53000000.0,-54000000.0,960000000,-2000000.0,958000000,-334000000.0,624000000,-4000000.0,582000000,582000000,ANDV,2015-06-30
378224,USD,2015,Q3,2015-10-29,2016-11-02,122500000.0,123800000.0,7743000000.0,-6069000000.0,1674000000.0,-295000000.0,-103000000.0,,-192000000.0,1379000000.0,-41000000.0,-54000000.0,1338000000,-81000000.0,1257000000,-458000000.0,799000000,0.0,759000000,759000000,ANDV,2015-09-30
378224,USD,2015,Q4,2016-02-25,2017-02-21,119900000.0,121400000.0,6273000000.0,-5477000000.0,796000000.0,-304000000.0,-101000000.0,,-203000000.0,492000000.0,-53000000.0,-54000000.0,439000000,-308000000.0,131000000,-48000000.0,83000000,0.0,54000000,54000000,ANDV,2015-12-31
378224,USD,2016,Q1,2016-05-05,2017-05-09,119600000.0,121200000.0,5101000000.0,-4477000000.0,624000000.0,-294000000.0,-82000000.0,,-212000000.0,330000000.0,-51000000.0,-60000000.0,279000000,-151000000.0,128000000,-30000000.0,98000000,11000000.0,69000000,69000000,ANDV,2016-03-31
378224,USD,2016,Q2,2016-08-04,2017-08-09,119500000.0,120600000.0,6285000000.0,-5625000000.0,660000000.0,-304000000.0,-94000000.0,,-210000000.0,356000000.0,-35000000.0,-60000000.0,321000000,365000000.0,686000000,-237000000.0,449000000,0.0,418000000,418000000,ANDV,2016-06-30
378224,USD,2016,Q3,2016-11-02,2017-11-09,118200000.0,119300000.0,6544000000.0,-5884000000.0,660000000.0,-318000000.0,-107000000.0,,-211000000.0,342000000.0,-70000000.0,-70000000.0,272000000,25000000.0,297000000,-95000000.0,202000000,-1000000.0,169000000,169000000,ANDV,2016-09-30
378224,USD,2016,Q4,2017-02-21,2017-02-21,116700000.0,118500000.0,6652000000.0,-6213000000.0,439000000.0,-336000000.0,-118000000.0,,-218000000.0,103000000.0,-61000000.0,-84000000.0,42000000,124000000.0,166000000,-65000000.0,101000000,0.0,78000000,78000000,ANDV,2016-12-31
378224,USD,2017,Q1,2017-05-09,2018-05-08,117100000.0,118100000.0,6638000000.0,-6081000000.0,557000000.0,-361000000.0,-135000000.0,,-226000000.0,196000000.0,-87000000.0,-98000000.0,109000000,-1000000.0,108000000,-21000000.0,87000000,0.0,50000000,50000000,ANDV,2017-03-31
378224,USD,2017,Q2,2017-08-09,2018-08-07,130800000.0,131700000.0,7849000000.0,-6957000000.0,892000000.0,-487000000.0,-247000000.0,,-240000000.0,405000000.0,-78000000.0,-96000000.0,327000000,-184000000.0,143000000,-56000000.0,87000000,0.0,40000000,40000000,ANDV,2017-06-30
378224,USD,2017,Q3,2017-11-09,2017-11-09,156600000.0,157800000.0,9836000000.0,-8649000000.0,1187000000.0,-441000000.0,-168000000.0,,-273000000.0,746000000.0,-98000000.0,-97000000.0,648000000,219000000.0,867000000,-274000000.0,593000000,8000000.0,559000000,559000000,ANDV,2017-09-30
378224,USD,2017,Q4,2018-02-21,2018-02-21,155900000.0,157600000.0,10652000000.0,-9975000000.0,677000000.0,-474000000.0,-192000000.0,,-282000000.0,203000000.0,-170000000.0,-148000000.0,33000000,-36000000.0,-3000000,911000000.0,908000000,0.0,879000000,879000000,ANDV,2017-12-31
378224,USD,2018,Q1,2018-05-08,2018-05-08,152900000.0,153800000.0,10300000000.0,-9475000000.0,825000000.0,-455000000.0,-173000000.0,,-282000000.0,370000000.0,-92000000.0,-102000000.0,278000000,10000000.0,288000000,-59000000.0,229000000,8000000.0,172000000,172000000,ANDV,2018-03-31
