SimFinId,Currency,Fiscal Year,Fiscal Period,Publish Date,Restated Date,Shares (Basic),Shares (Diluted),Revenue,Cost of Revenue,Gross Profit,Operating Expenses,"Selling, General & Administrative",Research & Development,Depreciation & Amortization,Operating Income (Loss),Non-Operating Income (Loss),"Interest Expense, Net","Pretax Income (Loss), Adj.",Abnormal Gains (Losses),Pretax Income (Loss),"Income Tax (Expense) Benefit, Net",Income (Loss) from Continuing Operations,Net Extraordinary Gains (Losses),Net Income,Net Income (Common),Ticker,Report_Date
448874,USD,2010,Q2,2010-07-23,2011-07-27,39913000.0,40356000.0,358427000.0,-184126000.0,174301000.0,-110056000.0,-99768000.0,-10288000.0,,64245000.0,-19384000.0,-19384000.0,44861000,-75000.0,44786000,-12440000.0,32346000,28180000.0,60148000,60148000,TFX,2010-06-30
448874,USD,2010,Q3,2010-10-27,2011-10-25,39933000.0,40254000.0,345041000.0,-178477000.0,166564000.0,-112113000.0,-101542000.0,-10571000.0,,54451000.0,-19828000.0,-19828000.0,34623000,-31312000.0,3311000,7676000.0,10987000,11548000.0,22196000,22196000,TFX,2010-09-30
448874,USD,2010,Q4,2011-02-25,2013-02-22,39987000.0,40311000.0,326922000.0,-165845000.0,161077000.0,-113967000.0,-101757000.0,-12210000.0,,47110000.0,-21070000.0,-21070000.0,26040000,-17314000.0,8726000,2093000.0,10819000,70617000.0,81078000,81078000,TFX,2010-12-31
448874,USD,2011,Q1,2011-04-26,2012-05-01,40057000.0,40424000.0,354004000.0,-189500000.0,164504000.0,-114244000.0,-103206000.0,-11038000.0,,50260000.0,-16041000.0,-16041000.0,34219000,-15192000.0,19027000,-4915000.0,14112000,64082000.0,77812000,77812000,TFX,2011-03-31
448874,USD,2011,Q2,2011-07-27,2012-07-31,40536000.0,40872000.0,381168000.0,-199817000.0,181351000.0,-122293000.0,-109838000.0,-12455000.0,,59058000.0,-15532000.0,-15532000.0,43526000,-3992000.0,39534000,-8436000.0,31098000,3389000.0,34070000,34070000,TFX,2011-06-30
448874,USD,2011,Q3,2011-10-25,2012-10-31,40684000.0,40943000.0,362741000.0,-187111000.0,175630000.0,-113898000.0,-101582000.0,-12316000.0,,61732000.0,-18859000.0,-18859000.0,42873000,173000.0,43046000,-10125000.0,32921000,11144000.0,43651000,43651000,TFX,2011-09-30
448874,USD,2011,Q4,2012-02-24,2014-02-24,40727000.0,40965000.0,394615000.0,-207322000.0,187293000.0,-122186000.0,-109283000.0,-12903000.0,,65107000.0,-18625000.0,-18625000.0,46482000,-2989000.0,43493000,-2302000.0,41191000,127030000.0,167796000,167796000,TFX,2011-12-31
448874,USD,2012,Q1,2012-05-01,2013-04-30,40769000.0,40769000.0,380567000.0,-196453000.0,184114000.0,-123689000.0,-112136000.0,-11553000.0,,60425000.0,-17733000.0,-17733000.0,42692000,-330803000.0,-288111000,3998000.0,-284113000,605000.0,-283735000,-283735000,TFX,2012-03-31
448874,USD,2012,Q2,2012-07-31,2013-07-31,40834000.0,41076000.0,383332000.0,-198968000.0,184364000.0,-119653000.0,-105951000.0,-13702000.0,,64711000.0,-17734000.0,-17734000.0,46977000,11000.0,46988000,278000.0,47266000,-4367000.0,42613000,42613000,TFX,2012-06-30
448874,USD,2012,Q3,2012-10-31,2013-10-30,40890000.0,41511000.0,368054000.0,-187487000.0,180567000.0,-129638000.0,-114878000.0,-14760000.0,,50929000.0,-18153000.0,-18153000.0,32776000,-1088000.0,31688000,-7237000.0,24451000,-2521000.0,21742000,21742000,TFX,2012-09-30
448874,USD,2012,Q4,2013-02-22,2015-02-20,40943000.0,40080000.0,419056000.0,-219876000.0,199180000.0,-137787000.0,-121524000.0,-16263000.0,,61393000.0,-14374000.0,-14374000.0,47019000,-2953000.0,44066000,-13452000.0,30614000,-1037000.0,29323000,29323000,TFX,2012-12-31
448874,USD,2013,Q1,2013-04-30,2014-04-30,41014000.0,43047000.0,411877000.0,-211357000.0,200520000.0,-141957000.0,-126950000.0,-15007000.0,,58563000.0,-14036000.0,-14036000.0,44527000,-9159000.0,35368000,-7667000.0,27701000,-462000.0,27038000,27038000,TFX,2013-03-31
448874,USD,2013,Q2,2013-07-31,2014-07-30,41115000.0,43429000.0,420059000.0,-210569000.0,209490000.0,-132777000.0,-116253000.0,-16524000.0,,76713000.0,-14268000.0,-14268000.0,62445000,-12962000.0,49483000,-6082000.0,43401000,-766000.0,42441000,42441000,TFX,2013-06-30
448874,USD,2013,Q3,2013-10-30,2014-10-29,41132000.0,43264000.0,413796000.0,-209804000.0,203992000.0,-130866000.0,-115228000.0,-15638000.0,,73126000.0,-13804000.0,-13804000.0,59322000,-8334000.0,50988000,-5209000.0,45779000,1029000.0,46574000,46574000,TFX,2013-09-30
448874,USD,2013,Q4,2014-02-24,2016-02-25,41159000.0,45032000.0,450539000.0,-225596000.0,224943000.0,-161632000.0,-143756000.0,-17876000.0,,63311000.0,-14173000.0,-14173000.0,49138000,-9247000.0,39891000,-4589000.0,35302000,-236000.0,34828000,34828000,TFX,2013-12-31
448874,USD,2014,Q1,2014-04-30,2015-04-30,41262000.0,45749000.0,438546000.0,-217387000.0,221159000.0,-154359000.0,-140297000.0,-14062000.0,,66800000.0,-15217000.0,-15217000.0,51583000,-7780000.0,43803000,-8534000.0,35269000,-125000.0,34958000,34958000,TFX,2014-03-31
448874,USD,2014,Q2,2014-07-30,2015-07-30,41380000.0,46392000.0,468105000.0,-224017000.0,244088000.0,-161713000.0,-146843000.0,-14870000.0,,82375000.0,-15916000.0,-15916000.0,66459000,-7623000.0,58836000,-10006000.0,48830000,-1125000.0,47252000,47252000,TFX,2014-06-30
448874,USD,2014,Q3,2014-10-29,2015-10-29,41399000.0,46628000.0,457173000.0,-221007000.0,236166000.0,-153123000.0,-138252000.0,-14871000.0,,83043000.0,-17023000.0,-17023000.0,66020000,-1108000.0,64912000,-9684000.0,55228000,-271000.0,54831000,54831000,TFX,2014-09-30
448874,USD,2014,Q4,2015-02-20,2017-02-23,41423000.0,47111000.0,476008000.0,-234993000.0,241015000.0,-170502000.0,-153265000.0,-17237000.0,,70513000.0,-16596000.0,-16596000.0,53917000,-1358000.0,52559000,-426000.0,52133000,-1188000.0,50638000,50638000,TFX,2014-12-31
448874,USD,2015,Q1,2015-04-30,2016-04-28,41469000.0,47295000.0,429430000.0,-206793000.0,222637000.0,-152581000.0,-139697000.0,-12884000.0,,70056000.0,-17003000.0,-17003000.0,53053000,-4448000.0,48605000,-9332000.0,39273000,-703000.0,38352000,38352000,TFX,2015-03-31
448874,USD,2015,Q2,2015-07-30,2016-07-28,41560000.0,48081000.0,452045000.0,-218808000.0,233237000.0,-155671000.0,-142228000.0,-13443000.0,,77566000.0,-16053000.0,-16053000.0,61513000,-11034000.0,50479000,-5280000.0,45199000,-190000.0,44563000,44563000,TFX,2015-06-30
448874,USD,2015,Q3,2015-10-29,2016-10-27,41597000.0,48532000.0,443714000.0,-215501000.0,228213000.0,-151411000.0,-138840000.0,-12571000.0,,76802000.0,-14176000.0,-14176000.0,62626000,-252000.0,62374000,-803000.0,61571000,-719000.0,60824000,60824000,TFX,2015-09-30
448874,USD,2015,Q4,2016-02-25,2018-02-22,41606000.0,48324000.0,484501000.0,-224185000.0,260316000.0,-161438000.0,-148217000.0,-13221000.0,,98878000.0,-13559000.0,-13559000.0,85319000,-2131000.0,83188000,7577000.0,90765000,10517000.0,101124000,101124000,TFX,2015-12-31
448874,USD,2016,Q1,2016-04-28,2017-05-04,41647000.0,48782000.0,424893000.0,-199746000.0,225147000.0,-148701000.0,-136348000.0,-12353000.0,,76446000.0,-13704000.0,-13704000.0,62742000,-8949000.0,53793000,-2613000.0,51180000,-312000.0,50689000,50689000,TFX,2016-03-31
448874,USD,2016,Q2,2016-07-28,2017-08-03,43549000.0,47246000.0,473553000.0,-217154000.0,256399000.0,-158455000.0,-142983000.0,-15472000.0,,97944000.0,-11778000.0,-11778000.0,86166000,-18764000.0,67402000,-8007000.0,59395000,193000.0,59303000,59303000,TFX,2016-06-30
448874,USD,2016,Q3,2016-10-27,2017-11-02,44045000.0,47446000.0,455648000.0,-214046000.0,241602000.0,-154864000.0,-139797000.0,-15067000.0,,86738000.0,-12773000.0,-12773000.0,73965000,-251000.0,73714000,-7514000.0,66200000,122000.0,66322000,66322000,TFX,2016-09-30
448874,USD,2016,Q4,2017-02-23,2019-02-21,44059000.0,47110000.0,513933000.0,-240881000.0,273052000.0,-159867000.0,-144180000.0,-15687000.0,,113185000.0,-16212000.0,-16212000.0,96973000,-46157000.0,50816000,10060000.0,60876000,187000.0,61063000,61063000,TFX,2016-12-31
448874,USD,2017,Q1,2017-05-04,2018-05-03,44893000.0,46615000.0,487881000.0,-232321000.0,255560000.0,-181796000.0,-163969000.0,-17827000.0,,73764000.0,-17557000.0,-17557000.0,56207000,-18527000.0,37680000,2669000.0,40349000,-179000.0,40170000,40170000,TFX,2017-03-31
448874,USD,2017,Q2,2017-08-03,2018-08-02,44996000.0,46818000.0,528613000.0,-238329000.0,290284000.0,-179212000.0,-158934000.0,-20278000.0,,111072000.0,-19733000.0,-19733000.0,91339000,-881000.0,90458000,-12095000.0,78363000,-360000.0,78003000,78003000,TFX,2017-06-30
448874,USD,2017,Q3,2017-11-02,2018-11-01,45035000.0,46587000.0,534703000.0,-239476000.0,295227000.0,-184965000.0,-163771000.0,-21194000.0,,110262000.0,-20978000.0,-20978000.0,89284000,92000.0,89376000,-9978000.0,79398000,-2383000.0,77015000,77015000,TFX,2017-09-30
448874,USD,2017,Q4,2018-02-22,2019-02-21,45092000.0,46636000.0,595106000.0,-264375000.0,330731000.0,-238760000.0,-213289000.0,-25471000.0,,91971000.0,-23507000.0,-23507000.0,68464000,-1067000.0,67397000,-110244000.0,-42847000,189000.0,-42658000,-42658000,TFX,2017-12-31
448874,USD,2018,Q1,2018-05-03,2019-05-02,45329000.0,46695000.0,587230000.0,-255960000.0,331270000.0,-241364000.0,-215337000.0,-26027000.0,,89906000.0,-25670000.0,-25670000.0,64236000,-3063000.0,61173000,-6242000.0,54931000,1253000.0,56184000,56184000,TFX,2018-03-31
448874,USD,2018,Q2,2018-08-02,2018-08-02,45581000.0,45581000.0,609866000.0,-265088000.0,344778000.0,-255935000.0,-229917000.0,-26018000.0,,88843000.0,-26466000.0,-26466000.0,62377000,-55353000.0,7024000,-9576000.0,-2552000,56000.0,-2496000,-2496000,TFX,2018-06-30
448874,USD,2018,Q3,2018-11-01,2018-11-01,45851000.0,46815000.0,609672000.0,-267099000.0,342573000.0,-241259000.0,-214894000.0,-26365000.0,,101314000.0,-26851000.0,-26851000.0,74463000,-19209000.0,55254000,1286000.0,56540000,-16000.0,56524000,56524000,TFX,2018-09-30
448874,USD,2018,Q4,2019-02-21,2021-02-25,45995000.0,48113000.0,641615000.0,-357420000.0,284195000.0,-164712000.0,-136914000.0,-27798000.0,,119483000.0,-23089000.0,-23089000.0,96394000,-217000.0,96177000,-8664000.0,87513000,3077000.0,90590000,90590000,TFX,2018-12-31
448874,USD,2019,Q1,2019-05-02,2019-05-02,46050000.0,46942000.0,613584000.0,-268842000.0,344742000.0,-254843000.0,-227693000.0,-27150000.0,,89899000.0,-22353000.0,-22353000.0,67546000,-14656000.0,52890000,-10972000.0,41918000,-1021000.0,40897000,40897000,TFX,2019-03-31
448874,USD,2019,Q2,2019-08-01,2019-08-01,46172000.0,47036000.0,652507000.0,-279583000.0,372924000.0,-263781000.0,-236186000.0,-27595000.0,,109143000.0,-20286000.0,-20286000.0,88857000,-1685000.0,87172000,-3844000.0,83328000,47000.0,83375000,83375000,TFX,2019-06-30
448874,USD,2019,Q3,2019-10-31,2019-10-31,46248000.0,47176000.0,648319000.0,-272639000.0,375680000.0,-257880000.0,-229896000.0,-27984000.0,,117800000.0,-19075000.0,-19075000.0,98725000,-179000.0,98546000,130383000.0,228929000,0.0,228929000,228929000,TFX,2019-09-30
448874,USD,2019,Q4,2020-02-21,2020-02-21,46330000.0,47206000.0,680952000.0,-365293000.0,315659000.0,-189119000.0,-157991000.0,-31128000.0,,126540000.0,-16815000.0,-16815000.0,109725000,-8430000.0,101295000,6511000.0,107806000,459000.0,108265000,108265000,TFX,2019-12-31
448874,USD,2020,Q1,2020-04-30,2021-04-29,46382000.0,47231000.0,630642000.0,-297018000.0,333624000.0,-175192000.0,-147796000.0,-27396000.0,,158432000.0,-14860000.0,-14860000.0,143572000,-1346000.0,142226000,-11074000.0,131152000,-2000.0,131150000,131150000,TFX,2020-03-31
