SimFinId,Currency,Fiscal Year,Fiscal Period,Publish Date,Restated Date,Shares (Basic),Shares (Diluted),Revenue,Cost of Revenue,Gross Profit,Operating Expenses,"Selling, General & Administrative",Research & Development,Depreciation & Amortization,Operating Income (Loss),Non-Operating Income (Loss),"Interest Expense, Net","Pretax Income (Loss), Adj.",Abnormal Gains (Losses),Pretax Income (Loss),"Income Tax (Expense) Benefit, Net",Income (Loss) from Continuing Operations,Net Extraordinary Gains (Losses),Net Income,Net Income (Common),Ticker,Report_Date
48404,USD,2010,Q4,2010-09-23,2012-09-26,28317000.0,34073000.0,256954000.0,-174422000.0,82532000.0,-43692000.0,-29627000.0,-12054000.0,-2011000.0,38840000.0,-1493000.0,-1493000.0,37347000,-13249000.0,24098000,-10629000.0,13469000,,13469000,13469000,CMTL,2010-07-31
48404,USD,2011,Q1,2010-12-08,2011-12-08,28119000.0,33771000.0,178160000.0,-113926000.0,64234000.0,-36653000.0,-24015000.0,-10751000.0,-1887000.0,27581000.0,-1369000.0,-1369000.0,26212000,12500000.0,38712000,-13056000.0,25656000,,25656000,25656000,CMTL,2010-10-31
48404,USD,2011,Q2,2011-03-10,2012-03-08,27209000.0,32983000.0,162811000.0,-101901000.0,60910000.0,-35646000.0,-23175000.0,-10467000.0,-2004000.0,25264000.0,-1464000.0,-1464000.0,23800000,0.0,23800000,-7704000.0,16096000,,16096000,16096000,CMTL,2011-01-31
48404,USD,2011,Q3,2011-06-07,2012-06-07,26577000.0,32378000.0,131081000.0,-74110000.0,56971000.0,-35053000.0,-22552000.0,-10328000.0,-2173000.0,21918000.0,-1578000.0,-1578000.0,20340000,0.0,20340000,-6085000.0,14255000,,14255000,14255000,CMTL,2011-04-30
48404,USD,2011,Q4,2011-09-27,2013-10-03,25463000.0,31360000.0,140327000.0,-81396000.0,58931000.0,-38396000.0,-24399000.0,-11970000.0,-2027000.0,20535000.0,-1583000.0,-1583000.0,18952000,0.0,18952000,-7064000.0,11888000,,11888000,11888000,CMTL,2011-07-31
48404,USD,2012,Q1,2011-12-08,2012-12-06,23257000.0,29147000.0,113361000.0,-62081000.0,51280000.0,-35521000.0,-24118000.0,-9684000.0,-1719000.0,15759000.0,-1650000.0,-1650000.0,14109000,,14109000,-1508000.0,12601000,,12601000,12601000,CMTL,2011-10-31
48404,USD,2012,Q2,2012-03-08,2013-03-07,20087000.0,26056000.0,99141000.0,-57725000.0,41416000.0,-30762000.0,-19626000.0,-9444000.0,-1692000.0,10654000.0,-1749000.0,-1749000.0,8905000,,8905000,-3084000.0,5821000,,5821000,5821000,CMTL,2012-01-31
48404,USD,2012,Q3,2012-06-07,2013-06-06,18853000.0,24910000.0,99793000.0,-58115000.0,41678000.0,-31112000.0,-20005000.0,-9481000.0,-1626000.0,10566000.0,-1822000.0,-1822000.0,8744000,,8744000,-2678000.0,6066000,,6066000,6066000,CMTL,2012-04-30
48404,USD,2012,Q4,2012-09-26,2014-10-09,17783000.0,23851000.0,112775000.0,-63640000.0,49135000.0,-34837000.0,-23357000.0,-9880000.0,-1600000.0,14298000.0,-2016000.0,-2016000.0,12282000,,12282000,-4354000.0,7928000,,7928000,7928000,CMTL,2012-07-31
48404,USD,2013,Q1,2012-12-06,2013-12-09,17379000.0,23444000.0,90953000.0,-49150000.0,41803000.0,-28441000.0,-16810000.0,-10049000.0,-1582000.0,13362000.0,-1835000.0,-1835000.0,11527000,,11527000,-4092000.0,7435000,,7435000,7435000,CMTL,2012-10-31
48404,USD,2013,Q2,2013-03-07,2014-03-06,17300000.0,17401000.0,74577000.0,-42337000.0,32240000.0,-26293000.0,-15433000.0,-9278000.0,-1582000.0,5947000.0,-1715000.0,-1715000.0,4232000,,4232000,-1867000.0,2365000,,2365000,2365000,CMTL,2013-01-31
48404,USD,2013,Q3,2013-06-06,2014-06-05,16731000.0,16827000.0,69856000.0,-38429000.0,31427000.0,-26036000.0,-15374000.0,-9080000.0,-1582000.0,5391000.0,-1722000.0,-1722000.0,3669000,,3669000,-817000.0,2852000,,2852000,2852000,CMTL,2013-04-30
48404,USD,2013,Q4,2013-10-03,2015-09-28,16442000.0,34584000.0,84411000.0,-49051000.0,35360000.0,-25571000.0,-15648000.0,-8341000.0,-1582000.0,9789000.0,-1724000.0,-1724000.0,8065000,,8065000,-2909000.0,5156000,,5156000,5156000,CMTL,2013-07-31
48404,USD,2014,Q1,2013-12-09,2014-12-10,16454000.0,22698000.0,83368000.0,-46990000.0,36378000.0,-26279000.0,-16198000.0,-8499000.0,-1582000.0,10099000.0,-1745000.0,-1745000.0,8354000,,8354000,-3049000.0,5305000,,5305000,5305000,CMTL,2013-10-31
48404,USD,2014,Q2,2014-03-06,2015-03-11,15970000.0,22487000.0,85499000.0,-48130000.0,37369000.0,-26197000.0,-16349000.0,-8266000.0,-1582000.0,11172000.0,-1770000.0,-1770000.0,9402000,,9402000,-3419000.0,5983000,,5983000,5983000,CMTL,2014-01-31
48404,USD,2014,Q3,2014-06-05,2015-06-04,15200000.0,21764000.0,88905000.0,-50559000.0,38346000.0,-27779000.0,-17320000.0,-8899000.0,-1560000.0,10567000.0,-1737000.0,-1737000.0,8830000,,8830000,-2955000.0,5875000,,5875000,5875000,CMTL,2014-04-30
48404,USD,2014,Q4,2014-10-09,2016-10-06,16148000.0,16675000.0,89378000.0,-50033000.0,39345000.0,-27285000.0,-17280000.0,-8444000.0,-1561000.0,12060000.0,-139000.0,-139000.0,11921000,0.0,11921000,-3933000.0,7988000,,7988000,7988000,CMTL,2014-07-31
48404,USD,2015,Q1,2014-12-10,2015-12-09,16217000.0,16513000.0,76391000.0,-41066000.0,35325000.0,-27106000.0,-15526000.0,-10019000.0,-1561000.0,8219000.0,-181000.0,-181000.0,8038000,,8038000,-2813000.0,5225000,,5225000,5225000,CMTL,2014-10-31
48404,USD,2015,Q2,2015-03-11,2016-03-10,16241000.0,16505000.0,81802000.0,-43927000.0,37875000.0,-27252000.0,-16026000.0,-9666000.0,-1560000.0,10623000.0,21000.0,21000.0,10644000,0.0,10644000,-3059000.0,7585000,,7585000,7585000,CMTL,2015-01-31
48404,USD,2015,Q3,2015-06-04,2016-06-08,16202000.0,16382000.0,71633000.0,-39325000.0,32308000.0,-25148000.0,-15005000.0,-8582000.0,-1561000.0,7160000.0,35000.0,35000.0,7195000,0.0,7195000,-2235000.0,4960000,,4960000,4960000,CMTL,2015-04-30
48404,USD,2015,Q4,2015-09-28,2017-09-27,16152000.0,16272000.0,77463000.0,-44087000.0,33376000.0,-25301000.0,-16123000.0,-7649000.0,-1529000.0,8075000.0,51000.0,51000.0,8126000,0.0,8126000,-2651000.0,5475000,,5475000,5475000,CMTL,2015-07-31
48404,USD,2016,Q1,2015-12-09,2016-12-07,16171000.0,16194000.0,64117000.0,-35915000.0,28202000.0,-26034000.0,-16718000.0,-7940000.0,-1376000.0,2168000.0,37000.0,37000.0,2205000,,2205000,-766000.0,1439000,,1439000,1439000,CMTL,2015-10-31
48404,USD,2016,Q2,2016-03-10,2017-03-08,16186000.0,16205000.0,70323000.0,-40885000.0,29438000.0,-26249000.0,-17390000.0,-7663000.0,-1196000.0,3189000.0,37000.0,37000.0,3226000,0.0,3226000,-750000.0,2476000,,2476000,2476000,CMTL,2016-01-31
48404,USD,2016,Q3,2016-06-08,2017-06-07,16195000.0,16195000.0,124187000.0,-72796000.0,51391000.0,-47828000.0,-30439000.0,-12613000.0,-4776000.0,3563000.0,-3468000.0,-3468000.0,95000,-16960000.0,-16865000,2510000.0,-14355000,,-14355000,-14355000,CMTL,2016-04-30
48404,USD,2016,Q4,2016-10-06,2017-09-27,19336000.0,19294000.0,152377000.0,-90171000.0,62206000.0,-50426000.0,-30385000.0,-13974000.0,-6067000.0,11780000.0,-4222000.0,-4222000.0,7558000,-4316000.0,3242000,-540000.0,2702000,,2702000,2702000,CMTL,2016-07-31
48404,USD,2017,Q1,2016-12-07,2017-12-06,23385000.0,23385000.0,135786000.0,-83678000.0,52108000.0,-52836000.0,-32685000.0,-14096000.0,-6055000.0,-728000.0,-3323000.0,-3323000.0,-4051000,,-4051000,1562000.0,-2489000,,-2489000,-2489000,CMTL,2016-10-31
48404,USD,2017,Q2,2017-03-08,2018-03-07,23428000.0,23445000.0,139028000.0,-85824000.0,53204000.0,-50334000.0,-30988000.0,-13314000.0,-6032000.0,2870000.0,-2778000.0,-2778000.0,92000,9979000.0,10071000,-3486000.0,6585000,,6585000,6585000,CMTL,2017-01-31
48404,USD,2017,Q3,2017-06-07,2017-06-07,23449000.0,23503000.0,127792000.0,-75331000.0,52461000.0,-44352000.0,-25923000.0,-12961000.0,-5468000.0,8109000.0,-2849000.0,-2849000.0,5260000,2041000.0,7301000,-2884000.0,4417000,,4417000,4417000,CMTL,2017-04-30
48404,USD,2017,Q4,2017-09-27,2017-09-27,23470000.0,23623000.0,147762000.0,-87350000.0,60412000.0,-45641000.0,-26484000.0,-13889000.0,-5268000.0,14771000.0,-2611000.0,-2611000.0,12160000,0.0,12160000,-4846000.0,7314000,,7314000,7314000,CMTL,2017-07-31
48404,USD,2018,Q1,2017-12-06,2017-12-06,23797000.0,23797000.0,121569000.0,-73853000.0,47716000.0,-47494000.0,-28475000.0,-13750000.0,-5269000.0,222000.0,-2627000.0,-2627000.0,-2405000,,-2405000,745000.0,-1660000,,-1660000,-1660000,CMTL,2017-10-31
48404,USD,2018,Q2,2018-03-07,2018-03-07,23816000.0,23953000.0,133731000.0,-82930000.0,50801000.0,-45918000.0,-27215000.0,-13435000.0,-5268000.0,4883000.0,-2471000.0,-2471000.0,2412000,0.0,2412000,13349000.0,15761000,,15761000,15761000,CMTL,2018-01-31
48404,USD,2018,Q3,2018-06-06,2018-06-06,23834000.0,24052000.0,147854000.0,-85418000.0,62436000.0,-48457000.0,-30410000.0,-12778000.0,-5269000.0,13979000.0,-2698000.0,-2698000.0,11281000,0.0,11281000,-3071000.0,8210000,,8210000,8210000,CMTL,2018-04-30
48404,USD,2018,Q4,2018-09-26,2018-09-26,23853000.0,24358000.0,167435000.0,-104447000.0,62988000.0,-46997000.0,-27822000.0,-13906000.0,-5269000.0,15991000.0,-2653000.0,-2653000.0,13338000,0.0,13338000,-5880000.0,7458000,,7458000,7458000,CMTL,2018-07-31
48404,USD,2019,Q1,2018-12-06,2018-12-06,23999000.0,24375000.0,160844000.0,-103075000.0,57769000.0,-49346000.0,-31847000.0,-13210000.0,-4289000.0,8423000.0,-2735000.0,-2735000.0,5688000,-4347000.0,1341000,2127000.0,3468000,,3468000,3468000,CMTL,2018-10-31
48404,USD,2019,Q2,2019-03-06,2019-03-06,24034000.0,24168000.0,164133000.0,-102888000.0,61245000.0,-50258000.0,-31987000.0,-13983000.0,-4288000.0,10987000.0,-2216000.0,-2216000.0,8771000,1426000.0,10197000,-2371000.0,7826000,,7826000,7826000,CMTL,2019-01-31
48404,USD,2019,Q3,2019-06-05,2019-06-05,24192000.0,24330000.0,170448000.0,-106032000.0,64416000.0,-51416000.0,-33409000.0,-13471000.0,-4536000.0,13000000.0,-2137000.0,-2137000.0,10863000,-1704000.0,9159000,-1547000.0,7612000,,7612000,7612000,CMTL,2019-04-30
48404,USD,2019,Q4,2019-09-24,2019-09-24,24271000.0,24335000.0,176372000.0,-112362000.0,64010000.0,-52346000.0,-31396000.0,-15743000.0,-5207000.0,11664000.0,-2192000.0,-2192000.0,9472000,-1259000.0,8213000,-2078000.0,6135000,,6135000,6135000,CMTL,2019-07-31
48404,USD,2020,Q1,2019-12-04,2019-12-04,24555000.0,24737000.0,170267000.0,-106700000.0,63567000.0,-51918000.0,-31851000.0,-14861000.0,-5206000.0,11649000.0,-1727000.0,-1727000.0,9922000,-2389000.0,7533000,-1145000.0,6388000,,6388000,6388000,CMTL,2019-10-31
48404,USD,2020,Q2,2020-03-04,2021-03-11,24659000.0,25058000.0,161654000.0,-101052000.0,60602000.0,-48343000.0,-29374000.0,-13740000.0,-5229000.0,12259000.0,-1622000.0,-1622000.0,10637000,-6025000.0,4612000,-1117000.0,3495000,,3495000,3495000,CMTL,2020-01-31
