SimFinId,Currency,Fiscal Year,Fiscal Period,Publish Date,Restated Date,Shares (Basic),Shares (Diluted),Revenue,Cost of Revenue,Gross Profit,Operating Expenses,"Selling, General & Administrative",Research & Development,Depreciation & Amortization,Operating Income (Loss),Non-Operating Income (Loss),"Interest Expense, Net","Pretax Income (Loss), Adj.",Abnormal Gains (Losses),Pretax Income (Loss),"Income Tax (Expense) Benefit, Net",Income (Loss) from Continuing Operations,Net Extraordinary Gains (Losses),Net Income,Net Income (Common),Ticker,Report_Date
378249,USD,2009,Q2,2009-08-17,2010-08-05,214700000.0,215500000.0,1019900000.0,-236800000.0,783100000.0,-482200000.0,-432300000.0,-49900000.0,,300900000.0,-4000000.0,-4000000.0,296900000,-4400000.0,292500000,-82400000.0,210100000,,210100000,210100000,ZBH,2009-06-30
378249,USD,2009,Q3,2009-11-04,2010-11-03,213600000.0,214500000.0,975600000.0,-249300000.0,726300000.0,-465100000.0,-412900000.0,-52200000.0,,261200000.0,-4200000.0,-4200000.0,257000000,-57200000.0,199800000,-49900000.0,149900000,,149900000,149900000,ZBH,2009-09-30
378249,USD,2009,Q4,2010-02-25,2012-02-27,210200000.0,211100000.0,1107300000.0,-274400000.0,832900000.0,-511800000.0,-460100000.0,-51700000.0,,321100000.0,-8700000.0,-8700000.0,312400000,-82600000.0,229800000,-74600000.0,155200000,,155200000,155200000,ZBH,2009-12-31
378249,USD,2010,Q1,2010-05-05,2011-05-05,203000000.0,204200000.0,1062800000.0,-268400000.0,794400000.0,-497700000.0,-447200000.0,-50500000.0,,296700000.0,-14600000.0,-14600000.0,282100000,-2600000.0,279500000,-74100000.0,205400000,,205400000,205400000,ZBH,2010-03-31
378249,USD,2010,Q2,2010-08-05,2011-08-08,201900000.0,203000000.0,1057700000.0,-250600000.0,807100000.0,-492500000.0,-438300000.0,-54200000.0,,314600000.0,-14300000.0,-14300000.0,300300000,-86500000.0,213800000,-48300000.0,165500000,,165500000,165500000,ZBH,2010-06-30
378249,USD,2010,Q3,2010-11-03,2011-11-02,198700000.0,199700000.0,965000000.0,-219100000.0,745900000.0,-469300000.0,-412000000.0,-57300000.0,,276600000.0,-14200000.0,-14200000.0,262400000,-5000000.0,257400000,-66300000.0,191100000,,191100000,191100000,ZBH,2010-09-30
378249,USD,2010,Q4,2011-02-25,2013-02-27,196400000.0,197500000.0,1134700000.0,-274100000.0,860600000.0,-518100000.0,-461600000.0,-56500000.0,,342500000.0,-13400000.0,-13400000.0,329100000,-219600000.0,109500000,-74600000.0,34900000,,34900000,34900000,ZBH,2010-12-31
378249,USD,2011,Q1,2011-05-05,2012-05-03,192600000.0,193800000.0,1115600000.0,-279000000.0,836600000.0,-513900000.0,-458300000.0,-55600000.0,,322700000.0,-11000000.0,-11000000.0,311700000,-25500000.0,286200000,-77300000.0,208900000,,208900000,208900000,ZBH,2011-03-31
378249,USD,2011,Q2,2011-08-08,2012-08-07,191500000.0,192700000.0,1137400000.0,-287900000.0,849500000.0,-526900000.0,-470000000.0,-56900000.0,,322600000.0,-9800000.0,-9800000.0,312800000,-63500000.0,249300000,-45500000.0,203800000,,203800000,203800000,ZBH,2011-06-30
378249,USD,2011,Q3,2011-11-02,2012-11-06,187700000.0,188800000.0,1031500000.0,-251900000.0,779600000.0,-505000000.0,-444000000.0,-61000000.0,,274600000.0,-11700000.0,-11700000.0,262900000,-8000000.0,254900000,-63700000.0,191200000,,191500000,191500000,ZBH,2011-09-30
378249,USD,2011,Q4,2012-02-27,2014-02-28,178600000.0,179500000.0,1167300000.0,-303200000.0,864100000.0,-526900000.0,-462000000.0,-64900000.0,,337200000.0,-12700000.0,-12700000.0,324500000,-136000000.0,188500000,-32400000.0,156100000,,156600000,156600000,ZBH,2011-12-31
378249,USD,2012,Q1,2012-05-03,2013-05-08,177400000.0,178500000.0,1140700000.0,-288700000.0,852000000.0,-522900000.0,-463300000.0,-59600000.0,,329100000.0,-14500000.0,-14500000.0,314600000,-33500000.0,281100000,-72200000.0,208900000,,209600000,209600000,ZBH,2012-03-31
378249,USD,2012,Q2,2012-08-07,2013-08-07,175200000.0,176200000.0,1125000000.0,-281900000.0,843100000.0,-510500000.0,-453300000.0,-57200000.0,,332600000.0,-14300000.0,-14300000.0,318300000,-30700000.0,287600000,-73600000.0,214000000,,214500000,214500000,ZBH,2012-06-30
378249,USD,2012,Q3,2012-11-06,2013-11-12,174100000.0,175300000.0,1025500000.0,-255700000.0,769800000.0,-483500000.0,-430000000.0,-53500000.0,,286300000.0,-14500000.0,-14500000.0,271800000,-36900000.0,234900000,-57200000.0,177700000,,178100000,178100000,ZBH,2012-09-30
378249,USD,2012,Q4,2013-02-27,2015-02-23,172900000.0,174000000.0,1180500000.0,-298900000.0,881600000.0,-515800000.0,-460500000.0,-55300000.0,,365800000.0,-14000000.0,-14000000.0,351800000,-165300000.0,186500000,-34200000.0,152300000,,152800000,152800000,ZBH,2012-12-31
378249,USD,2013,Q1,2013-05-08,2014-05-06,168700000.0,170700000.0,1138900000.0,-292900000.0,846000000.0,-514300000.0,-460800000.0,-53500000.0,,331700000.0,-14500000.0,-14500000.0,317200000,-33500000.0,283700000,-65700000.0,218000000,,218600000,218600000,ZBH,2013-03-31
378249,USD,2013,Q2,2013-08-07,2014-08-07,168800000.0,170700000.0,1169500000.0,-323600000.0,845900000.0,-512900000.0,-458000000.0,-54900000.0,,333000000.0,-14400000.0,-14400000.0,318600000,-122600000.0,196000000,-44300000.0,151700000,,152100000,152100000,ZBH,2013-06-30
378249,USD,2013,Q3,2013-11-12,2014-11-05,170000000.0,172200000.0,1074300000.0,-328800000.0,745500000.0,-487400000.0,-438000000.0,-49400000.0,,258100000.0,-13300000.0,-13300000.0,244800000,-46400000.0,198400000,-44300000.0,154100000,,154400000,154400000,ZBH,2013-09-30
378249,USD,2013,Q4,2014-02-28,2016-02-29,170900000.0,173600000.0,1240700000.0,-321400000.0,919300000.0,-516200000.0,-392500000.0,-45200000.0,-78500000.0,403100000.0,-18300000.0,-12300000.0,384800000,-54800000.0,330000000,-75200000.0,254800000,,255300000,255300000,ZBH,2013-12-31
378249,USD,2014,Q1,2014-05-06,2015-05-07,169100000.0,171800000.0,1161500000.0,-303700000.0,857800000.0,-521100000.0,-444500000.0,-47400000.0,-29200000.0,336700000.0,-14200000.0,-12500000.0,322500000,-36600000.0,285900000,-64800000.0,221100000,,221500000,221500000,ZBH,2014-03-31
378249,USD,2014,Q2,2014-08-07,2015-08-10,168400000.0,171000000.0,1182900000.0,-331600000.0,851300000.0,-506300000.0,-436100000.0,-48000000.0,-22200000.0,345000000.0,-24500000.0,-12900000.0,320500000,-84100000.0,236400000,-60300000.0,176100000,,176500000,176500000,ZBH,2014-06-30
378249,USD,2014,Q3,2014-11-05,2015-11-09,169000000.0,171700000.0,1106000000.0,-295900000.0,810100000.0,-489300000.0,-422800000.0,-45900000.0,-20600000.0,320800000.0,-25400000.0,-13300000.0,295400000,-65600000.0,229800000,-56900000.0,172900000,,173100000,173100000,ZBH,2014-09-30
378249,USD,2014,Q4,2015-02-23,2017-03-01,169500000.0,172300000.0,1222900000.0,-311600000.0,911300000.0,-513900000.0,-447300000.0,-46100000.0,-20500000.0,397400000.0,-33800000.0,-12500000.0,363600000,-176300000.0,187300000,-38200000.0,149100000,,149200000,149200000,ZBH,2014-12-31
378249,USD,2015,Q1,2015-05-07,2016-05-10,170000000.0,172900000.0,1134400000.0,-284900000.0,849500000.0,-492800000.0,-424100000.0,-48300000.0,-20400000.0,356700000.0,-43100000.0,-20500000.0,313600000,-86800000.0,226800000,-55700000.0,171100000,,171400000,171400000,ZBH,2015-03-31
378249,USD,2015,Q2,2015-08-10,2016-08-08,173000000.0,173000000.0,1167600000.0,-294300000.0,873300000.0,-528500000.0,-444200000.0,-51300000.0,-33000000.0,344800000.0,-106500000.0,-80200000.0,238300000,-476900000.0,-238600000,64800000.0,-173800000,,-173600000,-173600000,ZBH,2015-06-30
378249,USD,2015,Q3,2015-11-09,2016-11-08,203500000.0,205700000.0,1762200000.0,-552100000.0,1210100000.0,-898200000.0,-692300000.0,-83300000.0,-122600000.0,311900000.0,-84200000.0,-88500000.0,227700000,-195900000.0,31800000,-9600000.0,22200000,,22200000,22200000,ZBH,2015-09-30
378249,USD,2015,Q4,2016-02-29,2018-02-27,203100000.0,207600000.0,1933600000.0,-669300000.0,1264300000.0,-970900000.0,-723600000.0,-85900000.0,-161400000.0,293400000.0,-80300000.0,-88000000.0,213100000,-79900000.0,133200000,-6500000.0,126700000,,127000000,127000000,ZBH,2015-12-31
378249,USD,2016,Q1,2016-05-10,2017-05-09,200100000.0,202200000.0,1904000000.0,-640600000.0,1263400000.0,-929200000.0,-716900000.0,-85700000.0,-126600000.0,334200000.0,-90700000.0,-86900000.0,243500000,-88700000.0,154800000,-46100000.0,108700000,,108800000,108800000,ZBH,2016-03-31
378249,USD,2016,Q2,2016-08-08,2017-08-08,199400000.0,199400000.0,1934000000.0,-640100000.0,1293900000.0,-954400000.0,-732000000.0,-88600000.0,-133800000.0,339500000.0,-91100000.0,-87300000.0,248400000,-137900000.0,110500000,-142200000.0,-31700000,,-31300000,-31300000,ZBH,2016-06-30
378249,USD,2016,Q3,2016-11-08,2017-11-06,200100000.0,202900000.0,1832800000.0,-479300000.0,1353500000.0,-987600000.0,-727700000.0,-95600000.0,-164300000.0,365900000.0,-92000000.0,-90900000.0,273900000,-170400000.0,103500000,54400000.0,157900000,,158800000,158800000,ZBH,2016-09-30
378249,USD,2016,Q4,2017-03-01,2019-02-26,200400000.0,205100000.0,1997600000.0,-621800000.0,1375800000.0,-1004900000.0,-768000000.0,-95700000.0,-141200000.0,370900000.0,-147700000.0,-89900000.0,223200000,-192400000.0,30800000,38900000.0,69700000,,69600000,69600000,ZBH,2016-12-31
378249,USD,2017,Q1,2017-05-09,2018-05-08,201100000.0,203100000.0,1972400000.0,-512900000.0,1459500000.0,-1001300000.0,-758200000.0,-91100000.0,-152000000.0,458200000.0,-82900000.0,-82400000.0,375300000,-110100000.0,265200000,34100000.0,299300000,,299400000,299400000,ZBH,2017-03-31
378249,USD,2017,Q2,2017-08-08,2018-08-06,201800000.0,203700000.0,1949500000.0,-527700000.0,1421800000.0,-992500000.0,-752200000.0,-92600000.0,-147700000.0,429300000.0,-83700000.0,-82000000.0,345600000,-149200000.0,196400000,-12300000.0,184100000,,184200000,184200000,ZBH,2017-06-30
378249,USD,2017,Q3,2017-11-06,2018-11-01,202300000.0,204000000.0,1813100000.0,-500900000.0,1312200000.0,-955600000.0,-711700000.0,-91200000.0,-152700000.0,356600000.0,-84000000.0,-81700000.0,272600000,-145400000.0,127200000,-28400000.0,98800000,,98800000,98800000,ZBH,2017-09-30
378249,USD,2017,Q4,2018-02-27,2019-02-26,202400000.0,204000000.0,2068300000.0,-591400000.0,1476900000.0,-1129100000.0,-882600000.0,-95000000.0,-151500000.0,347800000.0,-84100000.0,-79200000.0,263700000,-387900000.0,-124200000,1355400000.0,1231200000,,1231400000,1231400000,ZBH,2017-12-31
378249,USD,2018,Q1,2018-05-08,2018-05-08,203000000.0,204600000.0,2017600000.0,-575800000.0,1441800000.0,-1031600000.0,-785100000.0,-95700000.0,-150800000.0,410200000.0,-81600000.0,-78000000.0,328600000,-105200000.0,223400000,-47200000.0,176200000,,174700000,174700000,ZBH,2018-03-31
378249,USD,2018,Q2,2018-08-06,2018-08-06,203300000.0,204600000.0,2007600000.0,-583700000.0,1423900000.0,-1039900000.0,-791300000.0,-99100000.0,-149500000.0,384000000.0,-78200000.0,-75300000.0,305800000,-88000000.0,217800000,-32900000.0,184900000,,185000000,185000000,ZBH,2018-06-30
378249,USD,2018,Q3,2018-11-01,2018-11-01,203700000.0,205400000.0,1836700000.0,-529000000.0,1307700000.0,-1031000000.0,-787700000.0,-95700000.0,-147600000.0,276700000.0,-69700000.0,-67500000.0,207000000,-53400000.0,153600000,8500000.0,162100000,,162200000,162200000,ZBH,2018-09-30
378249,USD,2018,Q4,2019-02-26,2021-02-22,204000000.0,199400000.0,2071000000.0,-583400000.0,1487600000.0,-1264400000.0,-1015200000.0,-101200000.0,-148000000.0,223200000.0,-75400000.0,-68500000.0,147800000,-1013700000.0,-865900000,-36600000.0,-902500000,,-901100000,-901100000,ZBH,2018-12-31
378249,USD,2019,Q1,2019-05-06,2019-05-06,204400000.0,205800000.0,1975500000.0,-553400000.0,1422100000.0,-1041500000.0,-796400000.0,-101700000.0,-143400000.0,380600000.0,-58500000.0,-58000000.0,322100000,-30400000.0,291700000,-45500000.0,246200000,,246100000,246100000,ZBH,2019-03-31
378249,USD,2019,Q2,2019-08-05,2019-08-05,204800000.0,206200000.0,1988600000.0,-581300000.0,1407300000.0,-1099300000.0,-840300000.0,-112100000.0,-146900000.0,308000000.0,-64400000.0,-59700000.0,243600000,-103300000.0,140300000,-8400000.0,131900000,,133700000,133700000,ZBH,2019-06-30
378249,USD,2019,Q3,2019-11-05,2019-11-05,205300000.0,207000000.0,1892400000.0,-535700000.0,1356700000.0,-1091100000.0,-830100000.0,-114400000.0,-146600000.0,265600000.0,-61200000.0,-56800000.0,204400000,-19800000.0,184600000,247400000.0,432000000,,431100000,431100000,ZBH,2019-09-30
378249,USD,2019,Q4,2020-02-21,2020-02-21,205900000.0,207800000.0,2125700000.0,-582200000.0,1543500000.0,-1145500000.0,-877000000.0,-121100000.0,-147400000.0,398000000.0,-47600000.0,-52400000.0,350400000,-61200000.0,289200000,32200000.0,321400000,,320700000,320700000,ZBH,2019-12-31
378249,USD,2020,Q1,2020-05-11,2021-05-04,206500000.0,206500000.0,1783800000.0,-487100000.0,1296700000.0,-1074900000.0,-828900000.0,-98400000.0,-147600000.0,221800000.0,-47900000.0,-50900000.0,173900000,-677799999.0,-503899999,-5200000.0,-509099999,,-508499999,-508499999,ZBH,2020-03-31
