SimFinId,Currency,Fiscal Year,Fiscal Period,Publish Date,Restated Date,Shares (Basic),Shares (Diluted),Revenue,Cost of Revenue,Gross Profit,Operating Expenses,"Selling, General & Administrative",Research & Development,Depreciation & Amortization,Operating Income (Loss),Non-Operating Income (Loss),"Interest Expense, Net","Pretax Income (Loss), Adj.",Abnormal Gains (Losses),Pretax Income (Loss),"Income Tax (Expense) Benefit, Net",Income (Loss) from Continuing Operations,Net Extraordinary Gains (Losses),Net Income,Net Income (Common),Ticker,Report_Date
63877,USD,2009,Q2,2009-08-07,2010-08-05,1545643000.0,1550564000.0,7494876000.0,-3128998000.0,4365878000.0,-2694458000.0,-2024252000.0,-670206000.0,,1671420000.0,-104382000.0,-103092000.0,1567038000,,1567038000,-278933000.0,1288105000,,1288105000,1288105000,ABT,2009-06-30
63877,USD,2009,Q3,2009-11-06,2010-11-05,1546291000.0,1552483000.0,7761336000.0,-3360187000.0,4401149000.0,-2761396000.0,-2085660000.0,-675736000.0,,1639753000.0,231622000.0,-96199000.0,1871375000,,1871375000,-391008000.0,1480367000,,1480367000,1480367000,ABT,2009-09-30
63877,USD,2009,Q4,2010-02-19,2012-02-21,1550231000.0,1561072000.0,8790127000.0,-3784223000.0,5005904000.0,-3142095000.0,-2225047000.0,-917048000.0,,1863809000.0,-40927000.0,-94440000.0,1822882000,,1822882000,-284153000.0,1538729000,,1538729000,1538729000,ABT,2009-12-31
63877,USD,2010,Q1,2010-05-04,2011-05-06,1547815000.0,1561323000.0,7698354000.0,-3335104000.0,4363250000.0,-2892767000.0,-2162400000.0,-730367000.0,,1470483000.0,-148276000.0,-88670000.0,1322207000,,1322207000,-319192000.0,1003015000,,1003015000,1003015000,ABT,2010-03-31
63877,USD,2010,Q2,2010-08-05,2011-08-04,1544415000.0,1551782000.0,8826014000.0,-3543932000.0,5282082000.0,-3676116000.0,-2743418000.0,-932698000.0,,1605966000.0,-47279000.0,-96316000.0,1558687000,,1558687000,-267037000.0,1291650000,,1291650000,1291650000,ABT,2010-06-30
63877,USD,2010,Q3,2010-11-05,2011-11-04,1545413000.0,1554052000.0,8674505000.0,-3741116000.0,4933389000.0,-3752204000.0,-2673277000.0,-1078927000.0,,1181185000.0,-117075000.0,-133512000.0,1064110000,,1064110000,-173450000.0,890660000,,890660000,890660000,ABT,2010-09-30
63877,USD,2010,Q4,2011-02-18,2013-02-15,1547957000.0,1556931000.0,9967848000.0,-4045040000.0,5922808000.0,-4092861000.0,-2797229000.0,-1295632000.0,,1829947000.0,-62117000.0,-129184000.0,1767830000,,1767830000,-326983000.0,1440847000,,1440847000,1440847000,ABT,2010-12-31
63877,USD,2011,Q1,2011-05-06,2012-05-08,1551755000.0,1558641000.0,9040850000.0,-3858983000.0,5181867000.0,-3880718000.0,-2850318000.0,-1030400000.0,,1301149000.0,-232363000.0,-123871000.0,1068786000,,1068786000,-204968000.0,863818000,,863818000,863818000,ABT,2011-03-31
63877,USD,2011,Q2,2011-08-04,2012-08-07,1556869000.0,1566103000.0,9616291000.0,-3870472000.0,5745819000.0,-3972366000.0,-2762086000.0,-1210280000.0,,1773453000.0,-98897000.0,-115261000.0,1674556000,,1674556000,268226000.0,1942782000,,1942782000,1942782000,ABT,2011-06-30
63877,USD,2011,Q3,2011-11-04,2012-11-07,1558556000.0,1568287000.0,9816665000.0,-3973250000.0,5843415000.0,-5248537000.0,-4238910000.0,-1009627000.0,,594878000.0,-93283000.0,-103523000.0,501595000,,501595000,-198414000.0,303181000,,303181000,303181000,ABT,2011-09-30
63877,USD,2011,Q4,2012-02-21,2014-02-21,1560820000.0,1574969000.0,-7066806000.0,1685705000.0,-5381101000.0,3340621000.0,2486314000.0,1738307000.0,-884000000.0,-2040480000.0,31543000.0,48655000.0,-2008937000,,-2008937000,25156000.0,-1983781000,3602000000.0,1618219000,1618219000,ABT,2011-12-31
63877,USD,2012,Q1,2012-05-08,2013-05-08,1573921000.0,1589510000.0,5283685000.0,-2359164000.0,2924521000.0,-2415336000.0,-1842032000.0,-363714000.0,-209590000.0,509185000.0,-45809000.0,-65814000.0,463376000,,463376000,-112161000.0,351215000,890909000.0,1242124000,1242124000,ABT,2012-03-31
63877,USD,2012,Q2,2012-08-07,2013-08-06,1572099000.0,1588502000.0,5313297000.0,-2370056000.0,2943241000.0,-2379051000.0,-1813623000.0,-370605000.0,-194823000.0,564190000.0,-34686000.0,-64399000.0,529504000,,529504000,-118663000.0,410841000,1313771000.0,1724612000,1724612000,ABT,2012-06-30
63877,USD,2012,Q3,2012-11-07,2013-11-07,1576771000.0,1594279000.0,5264787000.0,-2488913000.0,2775874000.0,-2465857000.0,-1920115000.0,-350653000.0,-195089000.0,310017000.0,-78706000.0,-88169000.0,231311000,,231311000,107610000.0,338921000,1603885000.0,1942806000,1942806000,ABT,2012-09-30
63877,USD,2012,Q4,2013-02-15,2015-02-27,1577209000.0,1595709000.0,3188231000.0,-1680867000.0,1507364000.0,-1530756000.0,-1159230000.0,-376028000.0,4502000.0,-23392000.0,-69799000.0,-42618000.0,-93191000,-1351000000.0,-1444191000,580214000.0,-863977000,1917435000.0,1053458000,1053458000,ABT,2012-12-31
63877,USD,2013,Q1,2013-05-08,2014-05-07,1568730000.0,1586018000.0,5378000000.0,-2432000000.0,2946000000.0,-2331000000.0,-1786000000.0,-346000000.0,-199000000.0,615000000.0,-61000000.0,-26000000.0,554000000,,554000000,-10000000.0,544000000,,544000000,544000000,ABT,2013-03-31
63877,USD,2013,Q2,2013-08-06,2014-08-05,1560519000.0,1576684000.0,5446000000.0,-2545000000.0,2901000000.0,-2274000000.0,-1714000000.0,-363000000.0,-197000000.0,627000000.0,-26000000.0,-23000000.0,601000000,,601000000,-125000000.0,476000000,,476000000,476000000,ABT,2013-06-30
63877,USD,2013,Q3,2013-11-07,2014-11-06,1551803000.0,1566691000.0,4825000000.0,-2255000000.0,2570000000.0,-2097000000.0,-1612000000.0,-339000000.0,-146000000.0,473000000.0,8000000.0,-21000000.0,481000000,,481000000,163000000.0,644000000,322000000.0,966000000,966000000,ABT,2013-09-30
63877,USD,2013,Q4,2014-02-21,2016-02-19,1550948000.0,1566607000.0,4008000000.0,-1961000000.0,2047000000.0,-1629000000.0,-1260000000.0,-323000000.0,-46000000.0,418000000.0,-13000000.0,-8000000.0,405000000,,405000000,-81000000.0,324000000,266000000.0,590000000,590000000,ABT,2013-12-31
63877,USD,2014,Q1,2014-05-07,2015-05-06,1532810000.0,1547691000.0,4755000000.0,-2274000000.0,2481000000.0,-2116000000.0,-1620000000.0,-369000000.0,-127000000.0,365000000.0,-24000000.0,-20000000.0,341000000,,341000000,-117000000.0,224000000,151000000.0,375000000,375000000,ABT,2014-03-31
63877,USD,2014,Q2,2014-08-05,2015-08-04,1506595000.0,1517046000.0,5057000000.0,-2288000000.0,2769000000.0,-2092000000.0,-1649000000.0,-310000000.0,-133000000.0,677000000.0,-19000000.0,-17000000.0,658000000,,658000000,-233000000.0,425000000,41000000.0,466000000,466000000,ABT,2014-06-30
63877,USD,2014,Q3,2014-11-06,2015-11-05,1508596000.0,1519780000.0,5079000000.0,-2319000000.0,2760000000.0,-2032000000.0,-1595000000.0,-305000000.0,-132000000.0,728000000.0,-13000000.0,-17000000.0,715000000,,715000000,-277000000.0,438000000,100000000.0,538000000,538000000,ABT,2014-09-30
63877,USD,2014,Q4,2015-02-27,2017-02-17,1515999000.0,1523483000.0,5356000000.0,-2337000000.0,3019000000.0,-2190000000.0,-1666000000.0,-361000000.0,-163000000.0,829000000.0,-7000000.0,-19000000.0,822000000,-18000000.0,804000000,-170000000.0,634000000,271000000.0,905000000,905000000,ABT,2014-12-31
63877,USD,2015,Q1,2015-05-06,2016-05-04,1504995000.0,1515537000.0,4897000000.0,-2081000000.0,2816000000.0,-2206000000.0,-1737000000.0,-313000000.0,-156000000.0,610000000.0,43000000.0,-16000000.0,653000000,,653000000,-124000000.0,529000000,1763000000.0,2292000000,2292000000,ABT,2015-03-31
63877,USD,2015,Q2,2015-08-04,2016-08-03,1493771000.0,1504215000.0,5170000000.0,-2218000000.0,2952000000.0,-2223000000.0,-1727000000.0,-345000000.0,-151000000.0,729000000.0,257000000.0,-17000000.0,986000000,,986000000,-200000000.0,786000000,-2000000.0,784000000,784000000,ABT,2015-06-30
63877,USD,2015,Q3,2015-11-05,2016-11-03,1495465000.0,1505167000.0,5150000000.0,-2242000000.0,2908000000.0,-2195000000.0,-1666000000.0,-378000000.0,-151000000.0,713000000.0,1000000.0,-16000000.0,714000000,,714000000,-118000000.0,596000000,-16000000.0,580000000,580000000,ABT,2015-09-30
63877,USD,2015,Q4,2016-02-19,2018-02-16,1489769000.0,1499081000.0,5188000000.0,-2206000000.0,2982000000.0,-2167000000.0,-1655000000.0,-369000000.0,-143000000.0,815000000.0,15000000.0,-9000000.0,830000000,,830000000,-135000000.0,695000000,72000000.0,767000000,767000000,ABT,2015-12-31
63877,USD,2016,Q1,2016-05-04,2017-05-03,1477332000.0,1483673000.0,4885000000.0,-2140000000.0,2745000000.0,-2221000000.0,-1698000000.0,-379000000.0,-144000000.0,524000000.0,-522000000.0,-25000000.0,2000000,,2000000,54000000.0,56000000,260000000.0,316000000,316000000,ABT,2016-03-31
63877,USD,2016,Q2,2016-08-03,2017-08-02,1474504000.0,1480492000.0,5333000000.0,-2287000000.0,3046000000.0,-2230000000.0,-1737000000.0,-348000000.0,-145000000.0,816000000.0,-101000000.0,-83000000.0,715000000,,715000000,-116000000.0,599000000,16000000.0,615000000,615000000,ABT,2016-06-30
63877,USD,2016,Q3,2016-11-03,2017-11-02,1476366000.0,1476366000.0,5302000000.0,-2285000000.0,3017000000.0,-2120000000.0,-1628000000.0,-352000000.0,-140000000.0,897000000.0,-1076000000.0,-95000000.0,-179000000,,-179000000,-178000000.0,-357000000,28000000.0,-329000000,-329000000,ABT,2016-09-30
63877,USD,2016,Q4,2017-02-17,2018-02-16,1479798000.0,1491469000.0,5333000000.0,-2312000000.0,3021000000.0,-2073000000.0,-1609000000.0,-343000000.0,-121000000.0,948000000.0,-73000000.0,-129000000.0,875000000,,875000000,-110000000.0,765000000,33000000.0,798000000,798000000,ABT,2016-12-31
63877,USD,2017,Q1,2017-05-03,2018-05-02,1727356000.0,1735195000.0,6335000000.0,-3062000000.0,3273000000.0,-3515000000.0,-2440000000.0,-553000000.0,-522000000.0,-242000000.0,978000000.0,-204000000.0,736000000,,736000000,-350000000.0,386000000,33000000.0,419000000,419000000,ABT,2017-03-31
63877,USD,2017,Q2,2017-08-02,2017-08-02,1740524000.0,1748883000.0,6637000000.0,-3173000000.0,3464000000.0,-3037000000.0,-2132000000.0,-513000000.0,-392000000.0,427000000.0,-132000000.0,-183000000.0,295000000,,295000000,-25000000.0,270000000,13000000.0,283000000,283000000,ABT,2017-06-30
63877,USD,2017,Q3,2017-11-02,2018-10-31,1743757000.0,1754156000.0,6829000000.0,-2876000000.0,3953000000.0,-3184000000.0,-2115000000.0,-568000000.0,-501000000.0,769000000.0,-143000000.0,-182000000.0,626000000,,626000000,-65000000.0,561000000,42000000.0,603000000,603000000,ABT,2017-09-30
63877,USD,2017,Q4,2018-02-16,2019-02-22,1748363000.0,1757766000.0,7589000000.0,-3298000000.0,4291000000.0,-3681000000.0,-2495000000.0,-626000000.0,-560000000.0,610000000.0,-36000000.0,-211000000.0,574000000,,574000000,-1438000000.0,-864000000,36000000.0,-828000000,-828000000,ABT,2017-12-31
63877,USD,2018,Q1,2018-05-02,2019-05-01,1753412000.0,1765278000.0,7390000000.0,-3067000000.0,4323000000.0,-3715000000.0,-2542000000.0,-589000000.0,-584000000.0,608000000.0,-163000000.0,-199000000.0,445000000,-14000000.0,431000000,-22000000.0,409000000,9000000.0,418000000,418000000,ABT,2018-03-31
63877,USD,2018,Q2,2018-08-01,2018-08-01,1757836000.0,1768950000.0,7767000000.0,-3282000000.0,4485000000.0,-3603000000.0,-2466000000.0,-575000000.0,-562000000.0,882000000.0,-105000000.0,-189000000.0,777000000,,777000000,-59000000.0,718000000,15000000.0,733000000,733000000,ABT,2018-06-30
63877,USD,2018,Q3,2018-10-31,2018-10-31,1759585000.0,1771680000.0,7656000000.0,-3166000000.0,4490000000.0,-3495000000.0,-2377000000.0,-574000000.0,-544000000.0,995000000.0,-210000000.0,-181000000.0,785000000,-67000000.0,718000000,-166000000.0,552000000,11000000.0,563000000,563000000,ABT,2018-09-30
63877,USD,2018,Q4,2019-02-22,2019-05-01,1761167000.0,1774092000.0,7765000000.0,-3191000000.0,4574000000.0,-3409000000.0,-2359000000.0,-562000000.0,-488000000.0,1165000000.0,-132000000.0,-152000000.0,1033000000,-86000000.0,947000000,-292000000.0,655000000,-1000000.0,654000000,654000000,ABT,2018-12-31
63877,USD,2019,Q1,2019-05-01,2019-05-01,1763278000.0,1776573000.0,7535000000.0,-3160000000.0,4375000000.0,-3636000000.0,-2478000000.0,-672000000.0,-486000000.0,739000000.0,-107000000.0,-148000000.0,632000000,,632000000,40000000.0,672000000,,672000000,672000000,ABT,2019-03-31
63877,USD,2019,Q2,2019-07-31,2019-07-31,1768904000.0,1781417000.0,7979000000.0,-3279000000.0,4700000000.0,-3494000000.0,-2434000000.0,-577000000.0,-483000000.0,1206000000.0,-104000000.0,-146000000.0,1102000000,,1102000000,-96000000.0,1006000000,,1006000000,1006000000,ABT,2019-06-30
63877,USD,2019,Q3,2019-10-31,2020-11-04,1771521000.0,1784167000.0,8076000000.0,-3358000000.0,4718000000.0,-3520000000.0,-2440000000.0,-596000000.0,-484000000.0,1198000000.0,-95000000.0,-143000000.0,1103000000,,1103000000,-143000000.0,960000000,,960000000,960000000,ABT,2019-09-30
63877,USD,2019,Q4,2020-02-21,2020-02-21,1768297000.0,1781843000.0,8314000000.0,-3434000000.0,4880000000.0,-3491000000.0,-2413000000.0,-595000000.0,-483000000.0,1389000000.0,-86000000.0,-139000000.0,1303000000,-63000000.0,1240000000,-191000000.0,1049000000,,1049000000,1049000000,ABT,2019-12-31
63877,USD,2020,Q1,2020-04-29,2021-05-05,1768901000.0,1780578000.0,7726000000.0,-3281000000.0,4445000000.0,-3687000000.0,-2548000000.0,-578000000.0,-561000000.0,758000000.0,-125000000.0,-121000000.0,633000000,,633000000,-89000000.0,544000000,20000000.0,564000000,564000000,ABT,2020-03-31
