SimFinId,Currency,Fiscal Year,Fiscal Period,Publish Date,Restated Date,Shares (Basic),Shares (Diluted),Revenue,Cost of Revenue,Gross Profit,Operating Expenses,"Selling, General & Administrative",Research & Development,Depreciation & Amortization,Operating Income (Loss),Non-Operating Income (Loss),"Interest Expense, Net","Pretax Income (Loss), Adj.",Abnormal Gains (Losses),Pretax Income (Loss),"Income Tax (Expense) Benefit, Net",Income (Loss) from Continuing Operations,Net Extraordinary Gains (Losses),Net Income,Net Income (Common),Ticker,Report_Date
183557,USD,2009,Q4,2009-09-15,2011-09-14,322000000.0,342000000.0,438000000.0,-130000000.0,308000000.0,-425000000.0,-251000000.0,-150000000.0,-24000000.0,-117000000.0,-5000000.0,-15000000.0,-122000000,0.0,-122000000,50000000.0,-72000000,1000000.0,-71000000,-71000000,INTU,2009-07-31
183557,USD,2010,Q1,2009-12-04,2010-12-06,320000000.0,27000000.0,474000000.0,-144000000.0,330000000.0,-430000000.0,-257000000.0,-141000000.0,-32000000.0,-100000000.0,-11000000.0,-16000000.0,-111000000,,-111000000,42000000.0,-69000000,1000000.0,-68000000,-68000000,INTU,2009-10-31
183557,USD,2010,Q2,2010-03-01,2011-03-01,314000000.0,323000000.0,837000000.0,-162000000.0,675000000.0,-536000000.0,-365000000.0,-144000000.0,-27000000.0,139000000.0,-13000000.0,-15000000.0,126000000,,126000000,-46000000.0,80000000,34000000.0,114000000,114000000,INTU,2010-01-31
183557,USD,2010,Q3,2010-05-28,2011-06-01,314000000.0,323000000.0,1607000000.0,-152000000.0,1455000000.0,-567000000.0,-411000000.0,-141000000.0,-15000000.0,888000000.0,-10000000.0,-15000000.0,878000000,,878000000,-302000000.0,576000000,,576000000,576000000,INTU,2010-04-30
183557,USD,2010,Q4,2010-09-16,2012-09-13,316000000.0,627000000.0,485000000.0,-133000000.0,352000000.0,-375000000.0,-226000000.0,-138000000.0,-11000000.0,-23000000.0,-14000000.0,-15000000.0,-37000000,0.0,-37000000,14000000.0,-23000000,-25000000.0,-48000000,-48000000,INTU,2010-07-31
183557,USD,2011,Q1,2010-12-06,2011-12-01,316000000.0,316000000.0,532000000.0,-155000000.0,377000000.0,-481000000.0,-310000000.0,-156000000.0,-15000000.0,-104000000.0,-7000000.0,-15000000.0,-111000000,,-111000000,41000000.0,-70000000,,-70000000,-70000000,INTU,2010-10-31
183557,USD,2011,Q2,2011-03-01,2012-02-29,308000000.0,318000000.0,878000000.0,-175000000.0,703000000.0,-592000000.0,-418000000.0,-158000000.0,-16000000.0,111000000.0,-9000000.0,-15000000.0,102000000,,102000000,-29000000.0,73000000,,73000000,73000000,INTU,2011-01-31
183557,USD,2011,Q3,2011-06-01,2012-05-25,303000000.0,313000000.0,1848000000.0,-164000000.0,1684000000.0,-623000000.0,-444000000.0,-164000000.0,-15000000.0,1061000000.0,-9000000.0,-15000000.0,1052000000,,1052000000,-364000000.0,688000000,,688000000,688000000,INTU,2011-04-30
183557,USD,2011,Q4,2011-09-14,2013-09-13,301000000.0,321000000.0,191000000.0,13000000.0,204000000.0,-190000000.0,-128000000.0,-88000000.0,26000000.0,14000000.0,-15000000.0,-15000000.0,-1000000,,-1000000,-2000000.0,-3000000,-54000000.0,-57000000,-57000000,INTU,2011-07-31
183557,USD,2012,Q1,2011-12-01,2012-11-29,300000000.0,300000000.0,575000000.0,-164000000.0,411000000.0,-495000000.0,-308000000.0,-163000000.0,-24000000.0,-84000000.0,-4000000.0,-15000000.0,-88000000,,-88000000,30000000.0,-58000000,-6000000.0,-64000000,-64000000,INTU,2011-10-31
183557,USD,2012,Q2,2012-02-29,2013-03-01,297000000.0,306000000.0,999000000.0,-202000000.0,797000000.0,-602000000.0,-425000000.0,-164000000.0,-13000000.0,195000000.0,-12000000.0,-15000000.0,183000000,,183000000,-62000000.0,121000000,-3000000.0,118000000,118000000,INTU,2012-01-31
183557,USD,2012,Q3,2012-05-25,2013-05-30,295000000.0,303000000.0,1926000000.0,-194000000.0,1732000000.0,-621000000.0,-453000000.0,-163000000.0,-5000000.0,1111000000.0,-3000000.0,-12000000.0,1108000000,0.0,1108000000,-372000000.0,736000000,-2000000.0,734000000,734000000,INTU,2012-04-30
183557,USD,2012,Q4,2012-09-13,2014-09-12,292000000.0,311000000.0,308000000.0,-15000000.0,293000000.0,-347000000.0,-228000000.0,-128000000.0,9000000.0,-54000000.0,-11000000.0,-8000000.0,-65000000,0.0,-65000000,30000000.0,-35000000,39000000.0,4000000,4000000,INTU,2012-07-31
183557,USD,2013,Q1,2012-11-29,2013-11-22,296000000.0,296000000.0,562000000.0,-135000000.0,427000000.0,-500000000.0,-321000000.0,-168000000.0,-11000000.0,-73000000.0,-6000000.0,-8000000.0,-79000000,,-79000000,25000000.0,-54000000,35000000.0,-19000000,-19000000,INTU,2012-10-31
183557,USD,2013,Q2,2013-03-01,2014-02-21,296000000.0,303000000.0,884000000.0,-161000000.0,723000000.0,-639000000.0,-458000000.0,-169000000.0,-12000000.0,84000000.0,-6000000.0,-7000000.0,78000000,,78000000,-13000000.0,65000000,6000000.0,71000000,71000000,INTU,2013-01-31
183557,USD,2013,Q3,2013-05-30,2014-05-21,297000000.0,304000000.0,2091000000.0,-140000000.0,1951000000.0,-669000000.0,-491000000.0,-166000000.0,-12000000.0,1282000000.0,-4000000.0,-8000000.0,1278000000,,1278000000,-420000000.0,858000000,-36000000.0,822000000,822000000,INTU,2013-04-30
183557,USD,2013,Q4,2013-09-13,2015-09-01,299000000.0,309000000.0,409000000.0,-91000000.0,318000000.0,-403000000.0,-264000000.0,-144000000.0,5000000.0,-85000000.0,-7000000.0,-7000000.0,-92000000,0.0,-92000000,30000000.0,-62000000,46000000.0,-16000000,-16000000,INTU,2013-07-31
183557,USD,2014,Q1,2013-11-22,2014-11-21,288000000.0,288000000.0,622000000.0,-137000000.0,485000000.0,-562000000.0,-376000000.0,-176000000.0,-10000000.0,-77000000.0,-3000000.0,-8000000.0,-80000000,,-80000000,23000000.0,-57000000,46000000.0,-11000000,-11000000,INTU,2013-10-31
183557,USD,2014,Q2,2014-02-21,2015-02-19,284000000.0,284000000.0,782000000.0,-170000000.0,612000000.0,-658000000.0,-461000000.0,-186000000.0,-11000000.0,-46000000.0,-8000000.0,-8000000.0,-54000000,,-54000000,17000000.0,-37000000,0.0,-37000000,-37000000,INTU,2014-01-31
183557,USD,2014,Q3,2014-05-21,2015-05-22,284000000.0,290000000.0,2388000000.0,-164000000.0,2224000000.0,-730000000.0,-533000000.0,-186000000.0,-11000000.0,1494000000.0,-5000000.0,-8000000.0,1489000000,0.0,1489000000,-505000000.0,984000000,0.0,984000000,984000000,INTU,2014-04-30
183557,USD,2014,Q4,2014-09-12,2016-09-01,284000000.0,302000000.0,451000000.0,-132000000.0,319000000.0,-390000000.0,-231000000.0,-166000000.0,7000000.0,-71000000.0,16000000.0,-7000000.0,-55000000,0.0,-55000000,18000000.0,-37000000,8000000.0,-29000000,-29000000,INTU,2014-07-31
183557,USD,2015,Q1,2014-11-21,2015-11-20,286000000.0,286000000.0,612000000.0,-152000000.0,460000000.0,-569000000.0,-370000000.0,-189000000.0,-10000000.0,-109000000.0,-7000000.0,-7000000.0,-116000000,,-116000000,35000000.0,-81000000,-3000000.0,-84000000,-84000000,INTU,2014-10-31
183557,USD,2015,Q2,2015-02-19,2016-02-25,285000000.0,285000000.0,749000000.0,-181000000.0,568000000.0,-657000000.0,-459000000.0,-188000000.0,-10000000.0,-89000000.0,-5000000.0,-7000000.0,-94000000,,-94000000,34000000.0,-60000000,-6000000.0,-66000000,-66000000,INTU,2015-01-31
183557,USD,2015,Q3,2015-05-22,2016-05-24,277000000.0,282000000.0,2135000000.0,-194000000.0,1941000000.0,-761000000.0,-544000000.0,-206000000.0,-11000000.0,1180000000.0,-6000000.0,-7000000.0,1174000000,-114000000.0,1060000000,-404000000.0,656000000,-155000000.0,501000000,501000000,INTU,2015-04-30
183557,USD,2015,Q4,2015-09-01,2017-09-01,276000000.0,291000000.0,696000000.0,-168000000.0,528000000.0,-624000000.0,-398000000.0,-215000000.0,-11000000.0,-96000000.0,-8000000.0,-6000000.0,-104000000,-34000000.0,-138000000,36000000.0,-102000000,116000000.0,14000000,14000000,INTU,2015-07-31
183557,USD,2016,Q1,2015-11-20,2016-11-18,272000000.0,272000000.0,713000000.0,-160000000.0,553000000.0,-582000000.0,-361000000.0,-213000000.0,-8000000.0,-29000000.0,-11000000.0,-7000000.0,-40000000,,-40000000,9000000.0,-31000000,0.0,-31000000,-31000000,INTU,2015-10-31
183557,USD,2016,Q2,2016-02-25,2017-02-23,263000000.0,266000000.0,923000000.0,-193000000.0,730000000.0,-688000000.0,-476000000.0,-205000000.0,-7000000.0,42000000.0,-14000000.0,-9000000.0,28000000,,28000000,1000000.0,29000000,-5000000.0,24000000,24000000,INTU,2016-01-31
183557,USD,2016,Q3,2016-05-24,2017-05-23,257000000.0,260000000.0,2304000000.0,-211000000.0,2093000000.0,-808000000.0,-572000000.0,-228000000.0,-8000000.0,1285000000.0,-8000000.0,-10000000.0,1277000000,,1277000000,-429000000.0,848000000,178000000.0,1026000000,1026000000,INTU,2016-04-30
183557,USD,2016,Q4,2016-09-01,2018-08-31,256000000.0,262000000.0,754000000.0,-166000000.0,588000000.0,-644000000.0,-398000000.0,-235000000.0,-11000000.0,-56000000.0,-6000000.0,-9000000.0,-62000000,,-62000000,22000000.0,-40000000,0.0,-40000000,-40000000,INTU,2016-07-31
183557,USD,2017,Q1,2016-11-18,2017-11-20,258000000.0,258000000.0,778000000.0,-180000000.0,598000000.0,-659000000.0,-409000000.0,-246000000.0,-4000000.0,-61000000.0,-11000000.0,-9000000.0,-72000000,,-72000000,42000000.0,-30000000,,-30000000,-30000000,INTU,2016-10-31
183557,USD,2017,Q2,2017-02-23,2017-02-23,257000000.0,260000000.0,1016000000.0,-203000000.0,813000000.0,-791000000.0,-545000000.0,-243000000.0,-3000000.0,22000000.0,-12000000.0,-11000000.0,10000000,,10000000,3000000.0,13000000,0.0,13000000,13000000,INTU,2017-01-31
183557,USD,2017,Q3,2017-05-23,2018-05-22,256000000.0,260000000.0,2541000000.0,-234000000.0,2307000000.0,-863000000.0,-613000000.0,-246000000.0,-4000000.0,1444000000.0,-5000000.0,-8000000.0,1439000000,,1439000000,-475000000.0,964000000,,964000000,964000000,INTU,2017-04-30
183557,USD,2017,Q4,2017-09-01,2018-08-31,257000000.0,266000000.0,842000000.0,-180000000.0,662000000.0,-672000000.0,-406000000.0,-263000000.0,-3000000.0,-10000000.0,0.0,-3000000.0,-10000000,,-10000000,34000000.0,24000000,0.0,24000000,24000000,INTU,2017-07-31
183557,USD,2018,Q1,2017-11-20,2018-11-20,256000000.0,256000000.0,910000000.0,-196000000.0,714000000.0,-749000000.0,-453000000.0,-293000000.0,-3000000.0,-35000000.0,-2000000.0,-5000000.0,-37000000,,-37000000,35000000.0,-2000000,,-2000000,-2000000,INTU,2017-10-31
183557,USD,2018,Q2,2018-02-22,2018-02-22,256000000.0,256000000.0,1165000000.0,-243000000.0,922000000.0,-902000000.0,-612000000.0,-286000000.0,-4000000.0,20000000.0,-1000000.0,-6000000.0,19000000,,19000000,-40000000.0,-21000000,,-21000000,-21000000,INTU,2018-01-31
183557,USD,2018,Q3,2018-05-22,2018-05-22,257000000.0,262000000.0,2925000000.0,-299000000.0,2626000000.0,-1011000000.0,-708000000.0,-296000000.0,-7000000.0,1615000000.0,2000000.0,-5000000.0,1617000000,,1617000000,-417000000.0,1200000000,,1200000000,1200000000,INTU,2018-04-30
183557,USD,2018,Q4,2018-08-31,2018-11-20,255000000.0,270000000.0,964000000.0,-224000000.0,740000000.0,-843000000.0,-525000000.0,-311000000.0,-7000000.0,-103000000.0,7000000.0,-4000000.0,-96000000,,-96000000,130000000.0,34000000,0.0,34000000,34000000,INTU,2018-07-31
183557,USD,2019,Q1,2018-11-20,2018-11-20,260000000.0,264000000.0,1016000000.0,-242000000.0,774000000.0,-784000000.0,-483000000.0,-294000000.0,-7000000.0,-10000000.0,-4000000.0,-4000000.0,-14000000,,-14000000,48000000.0,34000000,,34000000,34000000,INTU,2018-10-31
183557,USD,2019,Q2,2019-02-22,2019-02-22,260000000.0,264000000.0,1502000000.0,-280000000.0,1222000000.0,-989000000.0,-688000000.0,-295000000.0,-6000000.0,233000000.0,2000000.0,-4000000.0,235000000,,235000000,-46000000.0,189000000,,189000000,189000000,INTU,2019-01-31
183557,USD,2019,Q3,2019-05-23,2019-05-23,260000000.0,264000000.0,3272000000.0,-349000000.0,2923000000.0,-1139000000.0,-822000000.0,-311000000.0,-6000000.0,1784000000.0,13000000.0,-4000000.0,1797000000,,1797000000,-419000000.0,1378000000,,1378000000,1378000000,INTU,2019-04-30
183557,USD,2019,Q4,2019-08-30,2019-08-30,260000000.0,264000000.0,994000000.0,-276000000.0,718000000.0,-871000000.0,-531000000.0,-333000000.0,-7000000.0,-153000000.0,16000000.0,-3000000.0,-137000000,,-137000000,93000000.0,-44000000,,-44000000,-44000000,INTU,2019-07-31
183557,USD,2020,Q1,2019-11-21,2020-11-19,261000000.0,264000000.0,1165000000.0,-284000000.0,881000000.0,-871000000.0,-529000000.0,-334000000.0,-8000000.0,10000000.0,12000000.0,-2000000.0,22000000,,22000000,35000000.0,57000000,,57000000,57000000,INTU,2019-10-31
183557,USD,2020,Q2,2020-02-24,2021-02-23,261000000.0,264000000.0,1696000000.0,-334000000.0,1362000000.0,-1092000000.0,-752000000.0,-333000000.0,-7000000.0,270000000.0,12000000.0,-3000000.0,282000000,,282000000,-42000000.0,240000000,,240000000,240000000,INTU,2020-01-31
